@other{finesse,
	title = {Finesse: Frequency Domain Interferometer Simulation Software},
	url = {http://www.gwoptics.org/finesse/},
	year = {}
},
	
@article{black_introduction_2001,
	title = {An introduction to {Pound–Drever–Hall} laser frequency stabilization},
	volume = {69},
	issn = {00029505},
	url = {http://link.aip.org/link/AJPIAS/v69/i1/p79/s1&Agg=doi},
	doi = {10.1119/1.1286663},
	number = {1},
	urldate = {2014-03-07},
	journal = {American Journal of Physics},
	author = {Black, Eric D.},
	year = {2001},
	pages = {79},
	file = {Black_PDH_Notes.pdf:C:\Users\Chris Mueller\AppData\Roaming\Zotero\Zotero\Profiles\sbk67lce.default\zotero\storage\D34M9F6K\Black_PDH_Notes.pdf:application/pdf}
},

@other{franzen_optics_drawings,
	title = {Uses the vector components library developed by Alexander Franzen; available at http://www.gwoptics.org/ComponentLibrary/},
	url = {http://www.gwoptics.org/ComponentLibrary/},
	year = {}
},

@article{ligo_T1300074,
	title = {Finesse Simulation for the Alignment Control Signal of the aLIGO Input Mode Cleaner},
	journal = {Publicly Available Internal Note of the LIGO Collaboration},
	author = {Arai, K. and Bone, C. and Brown, D. and Carbone, L. and Doravari, S. and Freise, A. and Fulda, P. and Kokeyama, K.},
	year = {2013},
	volume = {T1300074},
	url = {https://dcc.ligo.org/LIGO-T1300074}
},

@article{ligo_T1100338,
	title = {Sensitivity Acheived by the LIGO and VIRGO Gravitational Wave During LIGO's Sixth and Virgo's Second and Third Science Runs},
	journal = {Publicly Available Internal Note of the LIGO Collaboration},
	author = {Privitera, S.},
	year = {2012},
	volume = {T1100338},
	url = {https://dcc.ligo.org/LIGO-T1100338},
},	

@article{ligo_T020020,
	title = {Input Optics Subsystem Design Requirements Document},
	journal = {Publicly Available Internal Note of the LIGO Collaboration},
	author = {Arain, M. and Mueller, G. and Martin, R. and Quetschke, V. and Reitze, D. H. and Tanner, D. B. and Williams, L.},
	year = {2009},
	volume = {T020020},
	url = {https://dcc.ligo.org/LIGO-T020020}
},

@article{ligo_T020022,
	title = {Pointing Requirements in Advanced LIGO Part I},
	journal = {Publicly Available Internal Note of the LIGO Collaboration},
	author = {Mueller, G.},
	year = {2003},
	volume = {T020022},
	url = {https://dcc.ligo.org/LIGO-T020022}
},

@article{ligo_T070236,
	title = {Interferometer Sensing and Control Requirements},
	journal = {Publicly Available Internal Note of the LIGO Collaboration},
	author = {Adhikari, R. and Ballmer, S. and Fritschel, P.},
	year = {2008},
	volume = {T070236},
	url = {https://dcc.ligo.org/LIGO-T070236}
},	

@article{ligo_T0900288,
	title = {Advanced LIGO Anticipated Sensitivity Curves},
	journal = {Publicly Available Internal Note of the LIGO Collaboration},
	author = {Shoemaker, D. H.},
	year = {2010},
	volume = {T0900288},
	url = {https://dcc.ligo.org/LIGO-T0900288}
},	

@article{freudenberg_first_2002,
	title = {A first graduate course in feedback control},
	volume = {565},
	url = {ftp://ftp.ecs.umass.edu/pub/hollot/control_system_design/syllabus%20+%20book/textbook.pdf},
	urldate = {2013-01-31},
	journal = {Course Notes, {EECS}},
	author = {Freudenberg, J. and Hollot, C. V. and Looze, D. P.},
	year = {2002},
	file = {Feedback_Textbook.pdf:C:\Users\Chris Mueller\AppData\Roaming\Zotero\Zotero\Profiles\sbk67lce.default\zotero\storage\9STTJ2KN\Feedback_Textbook.pdf:application/pdf}
},

@article{adrian-martinez_first_2013,
	title = {A first search for coincident gravitational waves and high energy neutrinos using {LIGO}, Virgo and {ANTARES} data from 2007},
	volume = {2013},
	issn = {1475-7516},
	url = {http://stacks.iop.org/1475-7516/2013/i=06/a=008?key=crossref.b49d92c7cfdd24df72b932b3e7d7d955},
	doi = {10.1088/1475-7516/2013/06/008},
	number = {06},
	urldate = {2014-03-07},
	journal = {Journal of Cosmology and Astroparticle Physics},
	author = {Adrián-Martínez, S and Samarai, I. Al and Albert, A and André, M and Anghinolfi, M and Anton, G and Anvar, S and Ardid, M and Astraatmadja, T and Aubert, J-J and Baret, B and Basa, S and Bertin, V and Biagi, S and Bigongiari, C and Bogazzi, C and Bou-Cabo, M and Bouhou, B and Bouwhuis, {M.C} and Brunner, J and Busto, J and Capone, A and Cârloganu, C and Carr, J and Cecchini, S and Charif, Z and Charvis, Ph and Chiarusi, T and Circella, M and Coniglione, R and Core, L and Costantini, H and Coyle, P and Creusot, A and Curtil, C and Bonis, G. De and Decowski, {M.P} and Dekeyser, I and Deschamps, A and Distefano, C and Donzaud, C and Dornic, D and Dorosti, Q and Drouhin, D and Eberl, T and Emanuele, U and Enzenhöfer, A and Ernenwein, J-P and Escoffier, S and Fehn, K and Fermani, P and Ferri, M and Ferry, S and Flaminio, V and Folger, F and Fritsch, U and Fuda, J-L and Galatà, S and Gay, P and Geyer, K and Giacomelli, G and Giordano, V and Gómez-González, {J.P} and Graf, K and Guillard, G and Hallewell, G and Hamal, M and Haren, H. van and Heijboer, {A.J} and Hello, Y and Hernández-Rey, {J.J} and Herold, B and Hößl, J and Hsu, {C.C} and Jong, M. de and Kadler, M and Kalekin, O and Kappes, A and Katz, U and Kavatsyuk, O and Kooijman, P and Kopper, C and Kouchner, A and Kreykenbohm, I and Kulikovskiy, V and Lahmann, R and Lambard, G and Larosa, G and Lattuada, D and Lefèvre, D and Lim, G and Presti, D. Lo and Loehner, H and Loucatos, S and Louis, F and Mangano, S and Marcelin, M and Margiotta, A and Martínez-Mora, {J.A} and Martini, S and Meli, A and Montaruli, T and Morganti, M and Moscoso, L and Motz, H and Neff, M and Nezri, E and Palioselitis, D and Păvălaş, {G.E} and Payet, K and Petrovic, J and Piattelli, P and Popa, V and Pradier, T and Presani, E and Racca, C and Reed, C and Riccobene, G and Richardt, C and Richter, R and Rivière, C and Robert, A and Roensch, K and Rostovtsev, A and Ruiz-Rivas, J and Rujoiu, M and Russo, {G.V} and Samtleben, {D.F.E} and Sánchez-Losa, A and Sapienza, P and Schmid, J and Schnabel, J and Schöck, F and Schuller, J-P and Schüssler, F and Seitz, T and Shanidze, R and Simeone, F and Spies, A and Spurio, M and Steijger, {J.J.M} and Stolarczyk, Th and Taiuti, M and Tamburini, C and Trovato, A and Vallage, B and Vallée, C and Elewyck, V. Van and Vecchi, M and Vernin, P and Visser, E and Wagner, S and Wijnker, G and Wilms, J and Wolf, E. de and Yepes, H and Zaborov, D and Zornoza, {J.D} and Zúñiga, J and Aasi, J and Abadie, J and Abbott, B. P and Abbott, R and Abbott, T. D and Abernathy, M and Accadia, T and Acernese, F and Adams, C and Adams, T and Addesso, P and Adhikari, R and Affeldt, C and Agathos, M and Agatsuma, K and Ajith, P and Allen, B and Allocca, A and Ceron, E. Amador and Amariutei, D and Anderson, S. B and Anderson, W. G and Arai, K and Araya, M. C and Ast, S and Aston, S. M and Astone, P and Atkinson, D and Aufmuth, P and Aulbert, C and Aylott, B. E and Babak, S and Baker, P and Ballardin, G and Ballmer, S and Bao, Y and Barayoga, J. C. B and Barker, D and Barone, F and Barr, B and Barsotti, L and Barsuglia, M and Barton, M. A and Bartos, I and Bassiri, R and Bastarrika, M and Basti, A and Batch, J and Bauchrowitz, J and Bauer, Th. S and Bebronne, M and Beck, D and Behnke, B and Bejger, M and Beker, {M.G} and Bell, A. S and Bell, C and Belopolski, I and Benacquista, M and Berliner, J. M and Bertolini, A and Betzwieser, J and Beveridge, N and Beyersdorf, P. T and Bhadbade, T and Bilenko, I. A and Billingsley, G and Birch, J and Biswas, R and Bitossi, M and Bizouard, M. A and Black, E and Blackburn, J. K and Blackburn, L and Blair, D and Bland, B and Blom, M and Bock, O and Bodiya, T. P and Bogan, C and Bond, C and Bondarescu, R and Bondu, F and Bonelli, L and Bonnand, R and Bork, R and Born, M and Boschi, V and Bose, S and Bosi, L and Braccini, S and Bradaschia, C and Brady, P. R and Braginsky, V. B and Branchesi, M and Brau, J. E and Breyer, J and Briant, T and Bridges, D. O and Brillet, A and Brinkmann, M and Brisson, V and Britzger, M and Brooks, A. F and Brown, D. A and Bulik, T and Bulten, H. J and Buonanno, A and {Burguet–Castell}, J and Buskulic, D and Buy, C and Byer, R. L and Cadonati, L and Cagnoli, G and Calloni, E and Camp, J. B and Campsie, P and Cannon, K and Canuel, B and Cao, J and Capano, C. D and Carbognani, F and Carbone, L and Caride, S and Caudill, S and Cavaglià, M and Cavalier, F and Cavalieri, R and Cella, G and Cepeda, C and Cesarini, E and Chalermsongsak, T and Charlton, P and Chassande-Mottin, E and Chen, W and Chen, X and Chen, Y and Chincarini, A and Chiummo, A and Cho, H. S and Chow, J and Christensen, N and Chua, S. S. Y and Chung, C. T. Y and Chung, S and Ciani, G and Clara, F and Clark, D. E and Clark, J. A and Clayton, J. H and Cleva, F and Coccia, E and Cohadon, P.-F and Colacino, C. N and Colla, A and Colombini, M and Conte, A and Conte, R and Cook, D and Corbitt, T. R and Cordier, M and Cornish, N and Corsi, A and Costa, C. A and Coughlin, M and Coulon, J.-P and Couvares, P and Coward, D. M and Cowart, M and Coyne, D. C and Creighton, J. D. E and Creighton, T. D and Cruise, A. M and Cumming, A and Cunningham, L and Cuoco, E and Cutler, R. M and Dahl, K and Damjanic, M and Danilishin, S. L and {D'Antonio}, S and Danzmann, K and Dattilo, V and Daudert, B and Daveloza, H and Davier, M and Daw, E. J and Day, R and Dayanga, T and Rosa, R. De and {DeBra}, D and Debreczeni, G and Degallaix, J and Pozzo, W. Del and Dent, T and Dergachev, V and {DeRosa}, R and Dhurandhar, S and Fiore, L. Di and Lieto, A. Di and Palma, I. Di and Emilio, M. Di Paolo and Virgilio, A. Di and Díaz, M and Dietz, A and Donovan, F and Dooley, K. L and Doravari, S and Dorsher, S and Drago, M and Drever, R. W. P and Driggers, J. C and Du, Z and Dumas, J.-C and Dwyer, S and Eberle, T and Edgar, M and Edwards, M and Effler, A and Ehrens, P and Endrőczi, G and Engel, R and Etzel, T and Evans, K and Evans, M and Evans, T and Factourovich, M and Fafone, V and Fairhurst, S and Farr, B. F and Favata, M and Fazi, D and Fehrmann, H and Feldbaum, D and Ferrante, I and Ferrini, F and Fidecaro, F and Finn, L. S and Fiori, I and Fisher, R. P and Flaminio, R and Foley, S and Forsi, E and Forte, L. A and Fotopoulos, N and Fournier, J.-D and Franc, J and Franco, S and Frasca, S and Frasconi, F and Frede, M and Frei, M. A and Frei, Z and Freise, A and Frey, R and Fricke, T. T and Friedrich, D and Fritschel, P and Frolov, V. V and Fujimoto, M.-K and Fulda, P. J and Fyffe, M and Gair, J and Galimberti, M and Gammaitoni, L and Garcia, J and Garufi, F and Gáspár, M. E and Gelencser, G and Gemme, G and Genin, E and Gennai, A and Gergely, L. á and Ghosh, S and Giaime, J. A and Giampanis, S and Giardina, K. D and Giazotto, A and Gil-Casanova, S and Gill, C and Gleason, J and Goetz, E and González, G and Gorodetsky, M. L and Goßler, S and Gouaty, R and Graef, C and Graff, P. B and Granata, M and Grant, A and Gray, C and Greenhalgh, R. J. S and Gretarsson, A. M and Griffo, C and Grote, H and Grover, K and Grunewald, S and Guidi, G. M and Guido, C and Gupta, R and Gustafson, E. K and Gustafson, R and Hallam, J. M and Hammer, D and Hammond, G and Hanks, J and Hanna, C and Hanson, J and Harms, J and Harry, G. M and Harry, I. W and Harstad, E. D and Hartman, M. T and Haughian, K and Hayama, K and Hayau, J.-F and Heefner, J and Heidmann, A and Heintze, M. C and Heitmann, H and Hello, P and Hemming, G and Hendry, M. A and Heng, I. S and Heptonstall, A. W and Herrera, V and Heurs, M and Hewitson, M and Hild, S and Hoak, D and Hodge, K. A and Holt, K and Holtrop, M and Hong, T and Hooper, S and Hough, J and Howell, E. J and Hughey, B and Husa, S and Huttner, S. H and Huynh-Dinh, T and Ingram, D. R and Inta, R and Isogai, T and Ivanov, A and Izumi, K and Jacobson, M and James, E and Jang, Y. J and Jaranowski, P and Jesse, E and Johnson, W. W and Jones, D. I and Jones, R and Jonker, {R.J.G} and Ju, L and Kalmus, P and Kalogera, V and Kandhasamy, S and Kang, G and Kanner, J. B and Kasprzack, M and Kasturi, R and Katsavounidis, E and Katzman, W and Kaufer, H and Kaufman, K and Kawabe, K and Kawamura, S and Kawazoe, F and Keitel, D and Kelley, D and Kells, W and Keppel, D. G and Keresztes, Z and Khalaidovski, A and Khalili, F. Y and Khazanov, E. A and Kim, B. K and Kim, C and Kim, H and Kim, K and Kim, N and Kim, Y. M and King, P. J and Kinzel, D. L and Kissel, J. S and Klimenko, S and Kline, J and Kokeyama, K and Kondrashov, V and Koranda, S and Korth, W. Z and Kowalska, I and Kozak, D and Kringel, V and Krishnan, B and Królak, A and Kuehn, G and Kumar, P and Kumar, R and Kurdyumov, R and Kwee, P and Lam, P. K and Landry, M and Langley, A and Lantz, B and Lastzka, N and Lawrie, C and Lazzarini, A and Roux, A. Le and Leaci, P and Lee, C. H and Lee, H. K and Lee, H. M and Leong, J. R and Leonor, I and Leroy, N and Letendre, N and Lhuillier, V and Li, J and Li, T. G. F and Lindquist, P. E and Litvine, V and Liu, Y and Liu, Z and Lockerbie, N. A and Lodhia, D and Logue, J and Lorenzini, M and Loriette, V and Lormand, M and Losurdo, G and Lough, J and Lubinski, M and Lück, H and Lundgren, A. P and Macarthur, J and Macdonald, E and Machenschalk, B and {MacInnis}, M and Macleod, D. M and Mageswaran, M and Mailand, K and Majorana, E and Maksimovic, I and Malvezzi, V and Man, N and Mandel, I and Mandic, V and Mantovani, M and Marchesoni, F and Marion, F and Márka, S and Márka, Z and Markosyan, A and Maros, E and Marque, J and Martelli, F and Martin, I. W and Martin, R. M and Marx, J. N and Mason, K and Masserot, A and Matichard, F and Matone, L and Matzner, R. A and Mavalvala, N and Mazzolo, G and {McCarthy}, R and {McClelland}, D. E and {McGuire}, S. C and {McIntyre}, G and {McIver}, J and Meadors, G. D and Mehmet, M and Meier, T and Melatos, A and Melissinos, A. C and Mendell, G and Menéndez, D. F and Mercer, R. A and Meshkov, S and Messenger, C and Meyer, M. S and Miao, H and Michel, C and Milano, L and Miller, J and Minenkov, Y and Mingarelli, C. M. F and Mitrofanov, V. P and Mitselmakher, G and Mittleman, R and Moe, B and Mohan, M and Mohapatra, S. R. P and Moraru, D and Moreno, G and Morgado, N and Morgia, A and Mori, T and Morriss, S. R and Mosca, S and Mossavi, K and Mours, B and {Mow–Lowry}, C. M and Mueller, C. L and Mueller, G and Mukherjee, S and Mullavey, A and Müller-Ebhardt, H and Munch, J and Murphy, D and Murray, P. G and Mytidis, A and Nash, T and Naticchioni, L and Necula, V and Nelson, J and Neri, I and Newton, G and Nguyen, T and Nishizawa, A and Nitz, A and Nocera, F and Nolting, D and Normandin, M. E and Nuttall, L and Ochsner, E and {O'Dell}, J and Oelker, E and Ogin, G. H and Oh, J. J and Oh, S. H and Oldenberg, R. G and {O'Reilly}, B and {O'Shaughnessy}, R and Osthelder, C and Ott, C. D and Ottaway, D. J and Ottens, R. S and Overmier, H and Owen, B. J and Page, A and Palladino, L and Palomba, C and Pan, Y and Pankow, C and Paoletti, F and Paoletti, R and Papa, M. A and Parisi, M and Pasqualetti, A and Passaquieti, R and Passuello, D and Pedraza, M and Penn, S and Perreca, A and Persichetti, G and Phelps, M and Pichot, M and Pickenpack, M and Piergiovanni, F and Pierro, V and Pihlaja, M and Pinard, L and Pinto, I. M and Pitkin, M and Pletsch, H. J and Plissi, M. V and Poggiani, R and Pöld, J and Postiglione, F and Poux, C and Prato, M and Predoi, V and Prestegard, T and Price, L. R and Prijatelj, M and Principe, M and Privitera, S and Prix, R and Prodi, G. A and Prokhorov, L. G and Puncken, O and Punturo, M and Puppo, P and Quetschke, V and Quitzow-James, R and Raab, F. J and Rabeling, D. S and Rácz, I and Radkins, H and Raffai, P and Rakhmanov, M and Ramet, C and Rankins, B and Rapagnani, P and Raymond, V and Re, V and Reed, C. M and Reed, T and Regimbau, T and Reid, S and Reitze, D. H and Ricci, F and Riesen, R and Riles, K and Roberts, M and Robertson, N. A and Robinet, F and Robinson, C and Robinson, E. L and Rocchi, A and Roddy, S and Rodriguez, C and Rodruck, M and Rolland, L and Rollins, J. G and Romano, J. D and Romano, R and Romie, J. H and Rosińska, D and Röver, C and Rowan, S and Rüdiger, A and Ruggi, P and Ryan, K and Salemi, F and Sammut, L and Sandberg, V and Sankar, S and Sannibale, V and Santamaría, L and Santiago-Prieto, I and Santostasi, G and Saracco, E and Sassolas, B and Sathyaprakash, B. S and Saulson, P. R and Savage, R. L and Schilling, R and Schnabel, R and Schofield, R. M. S and Schulz, B and Schutz, B. F and Schwinberg, P and Scott, J and Scott, S. M and Seifert, F and Sellers, D and Sentenac, D and Sergeev, A and Shaddock, D. A and Shaltev, M and Shapiro, B and Shawhan, P and Shoemaker, D. H and Sidery, T. L and Siemens, X and Sigg, D and Simakov, D and Singer, A and Singer, L and Sintes, A. M and Skelton, G. R and Slagmolen, B. J. J and Slutsky, J and Smith, J. R and Smith, M. R and Smith, R. J. E and Smith-Lefebvre, N. D and Somiya, K and Sorazu, B and Speirits, F. C and Sperandio, L and Stefszky, M and Steinert, E and Steinlechner, J and Steinlechner, S and Steplewski, S and Stochino, A and Stone, R and Strain, K. A and Strigin, S. E and Stroeer, A. S and Sturani, R and Stuver, A. L and Summerscales, T. Z and Sung, M and Susmithan, S and Sutton, P. J and Swinkels, B and Szeifert, G and Tacca, M and Taffarello, L and Talukder, D and Tanner, D. B and Tarabrin, S. P and Taylor, R and Braack, A. P. M. ter and Thomas, P and Thorne, K. A and Thorne, K. S and Thrane, E and Thüring, A and Titsler, C and Tokmakov, K. V and Tomlinson, C and Toncelli, A and Tonelli, M and Torre, O and Torres, C. V and Torrie, C. I and Tournefier, E and Travasso, F and Traylor, G and Tse, M and Ugolini, D and Vahlbruch, H and Vajente, G and Brand, J. F. J. van den and Broeck, C. Van Den and Putten, S. van der and Veggel, A. A. van and Vass, S and Vasuth, M and Vaulin, R and Vavoulidis, M and Vecchio, A and Vedovato, G and Veitch, J and Veitch, P. J and Venkateswara, K and Verkindt, D and Vetrano, F and Viceré, A and Villar, A. E and Vinet, J.-Y and Vitale, S and Vocca, H and Vorvick, C and Vyatchanin, S. P and Wade, A and Wade, L and Wade, M and Waldman, S. J and Wallace, L and Wan, Y and Wang, M and Wang, X and Wanner, A and Ward, R. L and Was, M and Weinert, M and Weinstein, A. J and Weiss, R and Welborn, T and Wen, L and Wessels, P and West, M and Westphal, T and Wette, K and Whelan, J. T and Whitcomb, S. E and White, D. J and Whiting, B. F and Wiesner, K and Wilkinson, C and Willems, P. A and Williams, L and Williams, R and Willke, B and Wimmer, M and Winkelmann, L and Winkler, W and Wipf, C. C and Wiseman, A. G and Wittel, H and Woan, G and Wooley, R and Worden, J and Yablon, J and Yakushin, I and Yamamoto, H and Yamamoto, K and Yancey, C. C and Yang, H and Yeaton-Massey, D and Yoshida, S and Yvert, M and Zadrożny, A and Zanolin, M and Zendri, J.-P and Zhang, F and Zhang, L and Zhao, C and Zotov, N and Zucker, M. E and Zweizig, J},
	month = jun,
	year = {2013},
	pages = {008--008},
	file = {1475-7516_2013_06_008.pdf:C:\Users\Chris Mueller\AppData\Roaming\Zotero\Zotero\Profiles\sbk67lce.default\zotero\storage\U5WK8ISN\1475-7516_2013_06_008.pdf:application/pdf}
},

@article{abadie_gravitational_2011,
	title = {A gravitational wave observatory operating beyond the quantum shot-noise limit},
	volume = {7},
	issn = {1745-2473, 1745-2481},
	url = {http://www.nature.com/doifinder/10.1038/nphys2083},
	doi = {10.1038/nphys2083},
	number = {12},
	urldate = {2014-03-07},
	journal = {Nature Physics},
	author = {Abadie, J. and Abbott, B. P. and Abbott, R. and Abbott, T. D. and Abernathy, M. and Adams, C. and Adhikari, R. and Affeldt, C. and Allen, B. and Allen, G. S. and Amador Ceron, E. and Amariutei, D. and Amin, R. S. and Anderson, S. B. and Anderson, W. G. and Arai, K. and Arain, M. A. and Araya, M. C. and Aston, S. M. and Atkinson, D. and Aufmuth, P. and Aulbert, C. and Aylott, B. E. and Babak, S. and Baker, P. and Ballmer, S. and Barker, D. and Barr, B. and Barriga, P. and Barsotti, L. and Barton, M. A. and Bartos, I. and Bassiri, R. and Bastarrika, M. and Batch, J. and Bauchrowitz, J. and Behnke, B. and Bell, A. S. and Belopolski, I. and Benacquista, M. and Berliner, J. M. and Bertolini, A. and Betzwieser, J. and Beveridge, N. and Beyersdorf, P. T. and Bilenko, I. A. and Billingsley, G. and Birch, J. and Biswas, R. and Black, E. and Blackburn, J. K. and Blackburn, L. and Blair, D. and Bland, B. and Bock, O. and Bodiya, T. P. and Bogan, C. and Bondarescu, R. and Bork, R. and Born, M. and Bose, S. and Brady, P. R. and Braginsky, V. B. and Brau, J. E. and Breyer, J. and Bridges, D. O. and Brinkmann, M. and Britzger, M. and Brooks, A. F. and Brown, D. A. and Brummitt, A. and Buonanno, A. and Burguet-Castell, J. and Burmeister, O. and Byer, R. L. and Cadonati, L. and Camp, J. B. and Campsie, P. and Cannizzo, J. and Cannon, K. and Cao, J. and Capano, C. D. and Caride, S. and Caudill, S. and Cavagliá, M. and Cepeda, C. and Chalermsongsak, T. and Chalkley, E. and Charlton, P. and Chelkowski, S. and Chen, Y. and Christensen, N. and Cho, H. and Chua, S. S. Y. and Chung, S. and Chung, C. T. Y. and Ciani, G. and Clara, F. and Clark, D. E. and Clark, J. and Clayton, J. H. and Conte, R. and Cook, D. and Corbitt, T. R. and Cordier, M. and Cornish, N. and Corsi, A. and Costa, C. A. and Coughlin, M. and Couvares, P. and Coward, D. M. and Coyne, D. C. and Creighton, J. D. E. and Creighton, T. D. and Cruise, A. M. and Cumming, A. and Cunningham, L. and Cutler, R. M. and Dahl, K. and Danilishin, S. L. and Dannenberg, R. and Danzmann, K. and Daudert, B. and Daveloza, H. and Davies, G. and Daw, E. J. and Dayanga, T. and {DeBra}, D. and Degallaix, J. and Dent, T. and Dergachev, V. and {DeRosa}, R. and {DeSalvo}, R. and Dhurandhar, S. and {DiGuglielmo}, J. and Di Palma, I. and Díaz, M. and Donovan, F. and Dooley, K. L. and Dorsher, S. and Drever, R. W. P. and Driggers, J. C. and Du, Z. and Dumas, J-C. and Dwyer, S. and Eberle, T. and Edgar, M. and Edwards, M. and Effler, A. and Ehrens, P. and Engel, R. and Etzel, T. and Evans, K. and Evans, M. and Evans, T. and Factourovich, M. and Fairhurst, S. and Fan, Y. and Farr, B. F. and Farr, W. and Fazi, D. and Fehrmann, H. and Feldbaum, D. and Finn, L. S. and Fisher, R. P. and Flanigan, M. and Foley, S. and Forsi, E. and Fotopoulos, N. and Frede, M. and Frei, M. and Frei, Z. and Freise, A. and Frey, R. and Fricke, T. T. and Friedrich, D. and Fritschel, P. and Frolov, V. V. and Fulda, P. J. and Fyffe, M. and Ganija, M. R. and Garcia, J. and Garofoli, J. A. and Geng, R. and Gergely, L. á. and Gholami, I. and Ghosh, S. and Giaime, J. A. and Giampanis, S. and Giardina, K. D. and Gill, C. and Goetz, E. and Goggin, L. M. and González, G. and Gorodetsky, M. L. and Goßler, S. and Graef, C. and Grant, A. and Gras, S. and Gray, C. and Gray, N. and Greenhalgh, R. J. S. and Gretarsson, A. M. and Grosso, R. and Grote, H. and Grunewald, S. and Guido, C. and Gupta, R. and Gustafson, E. K. and Gustafson, R. and Ha, T. and Hage, B. and Hallam, J. M. and Hammer, D. and Hammond, G. and Hanks, J. and Hanna, C. and Hanson, J. and Harms, J. and Harry, G. M. and Harry, I. W. and Harstad, E. D. and Hartman, M. T. and Haughian, K. and Hayama, K. and Heefner, J. and Heintze, M. C. and Hendry, M. A. and Heng, I. S. and Heptonstall, A. W. and Herrera, V. and Hewitson, M. and Hild, S. and Hoak, D. and Hodge, K. A. and Holt, K. and Hong, T. and Hooper, S. and Hosken, D. J. and Hough, J. and Howell, E. J. and Hughey, B. and Huynh-Dinh, T. and Husa, S. and Huttner, S. H. and Ingram, D. R. and Inta, R. and Isogai, T. and Ivanov, A. and Izumi, K. and Jacobson, M. and Jang, H. and Johnson, W. W. and Jones, D. I. and Jones, G. and Jones, R. and Ju, L. and Kalmus, P. and Kalogera, V. and Kamaretsos, I. and Kandhasamy, S. and Kang, G. and Kanner, J. B. and Katsavounidis, E. and Katzman, W. and Kaufer, H. and Kawabe, K. and Kawamura, S. and Kawazoe, F. and Kells, W. and Keppel, D. G. and Keresztes, Z. and Khalaidovski, A. and Khalili, F. Y. and Khazanov, E. A. and Kim, B. and Kim, C. and Kim, D. and Kim, H. and Kim, K. and Kim, N. and Kim, Y-M. and King, P. J. and Kinsey, M. and Kinzel, D. L. and Kissel, J. S. and Klimenko, S. and Kokeyama, K. and Kondrashov, V. and Kopparapu, R. and Koranda, S. and Korth, W. Z. and Kozak, D. and Kringel, V. and Krishnamurthy, S. and Krishnan, B. and Kuehn, G. and Kumar, R. and Kwee, P. and Lam, P. K. and Landry, M. and Lang, M. and Lantz, B. and Lastzka, N. and Lawrie, C. and Lazzarini, A. and Leaci, P. and Lee, C. H. and Lee, H. M. and Leindecker, N. and Leong, J. R. and Leonor, I. and Li, J. and Lindquist, P. E. and Lockerbie, N. A. and Lodhia, D. and Lormand, M. and Luan, J. and Lubinski, M. and Lück, H. and Lundgren, A. P. and Macdonald, E. and Machenschalk, B. and {MacInnis}, M. and Macleod, D. M. and Mageswaran, M. and Mailand, K. and Mandel, I. and Mandic, V. and Marandi, A. and Márka, S. and Márka, Z. and Markosyan, A. and Maros, E. and Martin, I. W. and Martin, R. M. and Marx, J. N. and Mason, K. and Matichard, F. and Matone, L. and Matzner, R. A. and Mavalvala, N. and Mazzolo, G. and {McCarthy}, R. and {McClelland}, D. E. and {McGuire}, S. C. and {McIntyre}, G. and {McIver}, J. and {McKechan}, D. J. A. and Meadors, G. D. and Mehmet, M. and Meier, T. and Melatos, A. and Melissinos, A. C. and Mendell, G. and Menendez, D. and Mercer, R. A. and Meshkov, S. and Messenger, C. and Meyer, M. S. and Miao, H. and Miller, J. and Mitrofanov, V. P. and Mitselmakher, G. and Mittleman, R. and Miyakawa, O. and Moe, B. and Moesta, P. and Mohanty, S. D. and Moraru, D. and Moreno, G. and Mori, T. and Mossavi, K. and Mow-Lowry, C. M. and Mueller, C. L. and Mueller, G. and Mukherjee, S. and Mullavey, A. and Müller-Ebhardt, H. and Munch, J. and Murphy, D. and Murray, P. G. and Mytidis, A. and Nash, T. and Nawrodt, R. and Necula, V. and Nelson, J. and Newton, G. and Nishizawa, A. and Nolting, D. and Nuttall, L. and {O’Dell}, J. and {O’Reilly}, B. and {O’Shaughnessy}, R. and Ochsner, E. and Oelker, E. and Oh, J. J. and Oh, S. H. and Ogin, G. H. and Oldenburg, R. G. and Osthelder, C. and Ott, C. D. and Ottaway, D. J. and Ottens, R. S. and Overmier, H. and Owen, B. J. and Page, A. and Pan, Y. and Pankow, C. and Papa, M. A. and Ajith, P. and Patel, P. and Pedraza, M. and Peiris, P. and Pekowsky, L. and Penn, S. and Peralta, C. and Perreca, A. and Phelps, M. and Pickenpack, M. and Pinto, I. M. and Pitkin, M. and Pletsch, H. J. and Plissi, M. V. and Pöld, J. and Postiglione, F. and Predoi, V. and Price, L. R. and Prijatelj, M. and Principe, M. and Privitera, S. and Prix, R. and Prokhorov, L. and Puncken, O. and Quetschke, V. and Raab, F. J. and Radkins, H. and Raffai, P. and Rakhmanov, M. and Ramet, C. R. and Rankins, B. and Mohapatra, S. R. P. and Raymond, V. and Redwine, K. and Reed, C. M. and Reed, T. and Reid, S. and Reitze, D. H. and Riesen, R. and Riles, K. and Robertson, N. A. and Robinson, C. and Robinson, E. L. and Roddy, S. and Rodriguez, C. and Rodruck, M. and Rollins, J. and Romano, J. D. and Romie, J. H. and Röver, C. and Rowan, S. and Rüdiger, A. and Ryan, K. and Ryll, H. and Sainathan, P. and Sakosky, M. and Salemi, F. and Samblowski, A. and Sammut, L. and Sancho de la Jordana, L. and Sandberg, V. and Sankar, S. and Sannibale, V. and Santamaría, L. and Santiago-Prieto, I. and Santostasi, G. and Sathyaprakash, B. S. and Sato, S. and Saulson, P. R. and Savage, R. L. and Schilling, R. and Schlamminger, S. and Schnabel, R. and Schofield, R. M. S. and Schulz, B. and Schutz, B. F. and Schwinberg, P. and Scott, J. and Scott, S. M. and Searle, A. C. and Seifert, F. and Sellers, D. and Sengupta, A. S. and Sergeev, A. and Shaddock, D. A. and Shaltev, M. and Shapiro, B. and Shawhan, P. and Shoemaker, D. H. and Sibley, A. and Siemens, X. and Sigg, D. and Singer, A. and Singer, L. and Sintes, A. M. and Skelton, G. and Slagmolen, B. J. J. and Slutsky, J. and Smith, R. J. E. and Smith, J. R. and Smith, M. R. and Smith, N. D. and Somiya, K. and Sorazu, B. and Soto, J. and Speirits, F. C. and Stein, A. J. and Steinert, E. and Steinlechner, J. and Steinlechner, S. and Steplewski, S. and Stefszky, M. and Stochino, A. and Stone, R. and Strain, K. A. and Strigin, S. and Stroeer, A. S. and Stuver, A. L. and Summerscales, T. Z. and Sung, M. and Susmithan, S. and Sutton, P. J. and Talukder, D. and Tanner, D. B. and Tarabrin, S. P. and Taylor, J. R. and Taylor, R. and Thomas, P. and Thorne, K. A. and Thorne, K. S. and Thrane, E. and Thüring, A. and Titsler, C. and Tokmakov, K. V. and Torres, C. and Torrie, C. I. and Traylor, G. and Trias, M. and Tseng, K. and Ugolini, D. and Urbanek, K. and Vahlbruch, H. and Vallisneri, M. and van Veggel, A. A. and Vass, S. and Vaulin, R. and Vecchio, A. and Veitch, J. and Veitch, P. J. and Veltkamp, C. and Villar, A. E. and Vitale, S. and Vorvick, C. and Vyatchanin, S. P. and Wade, A. and Waldman, S. J. and Wallace, L. and Wan, Y. and Wanner, A. and Wang, X. and Wang, Z. and Ward, R. L. and Wei, P. and Weinert, M. and Weinstein, A. J. and Weiss, R. and Wen, L. and Wen, S. and Wessels, P. and West, M. and Westphal, T. and Wette, K. and Whelan, J. T. and Whitcomb, S. E. and White, D. and Whiting, B. F. and Wilkinson, C. and Willems, P. A. and Williams, H. R. and Williams, L. and Willke, B. and Winkelmann, L. and Winkler, W. and Wipf, C. C. and Wittel, H. and Wiseman, A. G. and Woan, G. and Wooley, R. and Worden, J. and Yablon, J. and Yakushin, I. and Yamamoto, K. and Yamamoto, H. and Yang, H. and Yeaton-Massey, D. and Yoshida, S. and Yu, P. and Zanolin, M. and Zhang, L. and Zhang, W. and Zhang, Z. and Zhao, C. and Zotov, N. and Zucker, M. E. and Zweizig, J.},
	month = sep,
	year = {2011},
	pages = {962--965},
	file = {Nature_Operating_Beyond_Shot_Noise_Limit.pdf:C:\Users\Chris Mueller\AppData\Roaming\Zotero\Zotero\Profiles\sbk67lce.default\zotero\storage\G34X638T\Nature_Operating_Beyond_Shot_Noise_Limit.pdf:application/pdf}
},

@article{modjtaba_neural_????,
	title = {A Neural Network Type Feedback Law for Systems with Position and Rate Limited Actuators},
	author = {Modjtaba, Rouhani},
	file = {Neural_Network_Feedback_with_Saturations.pdf:C:\Users\Chris Mueller\AppData\Roaming\Zotero\Zotero\Profiles\sbk67lce.default\zotero\storage\HM56UI54\Neural_Network_Feedback_with_Saturations.pdf:application/pdf}
},

@article{barmasov_phase-locked_2000,
	title = {A phase-locked loop system for the difference frequency of two lasers},
	volume = {43},
	url = {http://link.springer.com/article/10.1007/BF02759040},
	number = {3},
	urldate = {2013-12-02},
	journal = {Instruments and Experimental Techniques},
	author = {Barmasov, S. V.},
	year = {2000},
	pages = {381–383},
	file = {PLL_Difference_Frequency_Two_Lasers.pdf:C:\Users\Chris Mueller\AppData\Roaming\Zotero\Zotero\Profiles\sbk67lce.default\zotero\storage\SNKN4ZXA\PLL_Difference_Frequency_Two_Lasers.pdf:application/pdf}
},

@article{erden_accumulated_1997,
	title = {Accumulated Gouy phase shift in Gaussian beam propagation through first-order optical systems},
	volume = {14},
	url = {http://www.opticsinfobase.org/abstract.cfm?&id=1903},
	number = {9},
	urldate = {2014-02-04},
	journal = {{JOSA} A},
	author = {Erden, M. Fatih and Ozaktas, Haldun M.},
	year = {1997},
	pages = {2190–2194},
	file = {Erden_Ozaktas_Accumulated_Gouy_Phase_Shift_Firts_Order_Optical_Systems.pdf:C:\Users\Chris Mueller\AppData\Roaming\Zotero\Zotero\Profiles\sbk67lce.default\zotero\storage\A5TZFTCH\Erden_Ozaktas_Accumulated_Gouy_Phase_Shift_Firts_Order_Optical_Systems.pdf:application/pdf}
},

@article{erden_accumulated_1997-1,
	title = {Accumulated Gouy phase shift in Gaussian beam propagation through first-order optical systems},
	volume = {14},
	url = {http://www.opticsinfobase.org/abstract.cfm?uri=josaa-14-9-2190},
	number = {9},
	urldate = {2014-02-25},
	journal = {{JOSA} A},
	author = {Erden, M. Fatih and Ozaktas, Haldun M.},
	year = {1997},
	pages = {2190–2194},
	file = {Gouy_phase_ABCD_System.pdf:C:\Users\Chris Mueller\AppData\Roaming\Zotero\Zotero\Profiles\sbk67lce.default\zotero\storage\JUEB37SV\Gouy_phase_ABCD_System.pdf:application/pdf}
},

@article{mueller_active_2002,
	title = {Active Jitter Supression},
	url = {http://www.pepl.engin.umich.edu/pdf/AIAA-2002-1123_tethers.pdf},
	urldate = {2013-01-31},
	author = {Mueller, Guido},
	year = {2002},
	file = {jitter_sup.pdf:C:\Users\Chris Mueller\AppData\Roaming\Zotero\Zotero\Profiles\sbk67lce.default\zotero\storage\74WCCQ6K\jitter_sup.pdf:application/pdf}
},

@article{abbott_advanced_????,
	title = {Advanced {LIGO} Length Sensing and Control Final Design},
	url = {https://dcc-lho.ligo.org/public/0012/T1000298/002/lscfdd.pdf},
	urldate = {2013-01-31},
	author = {Abbott, R. and Adhikari, R. and Ballmer, S. and Barsotti, L. and Evans, M. and Fritschel, P. and Frolov, V. and Mueller, G. and Slagmolen, B. and Waldman, S.},
	file = {Length_Sensing_Final_Design.pdf:C:\Users\Chris Mueller\AppData\Roaming\Zotero\Zotero\Profiles\sbk67lce.default\zotero\storage\ZVW6RMU6\Length_Sensing_Final_Design.pdf:application/pdf}
},

@article{fritschel_alignment_1998,
	title = {Alignment of an interferometric gravitational wave detector},
	volume = {37},
	url = {http://www.opticsinfobase.org/abstract.cfm?id=61206},
	number = {28},
	urldate = {2013-02-01},
	journal = {Applied Optics},
	author = {Fritschel, P. and Mavalvala, N. and Shoemaker, D. and Sigg, D. and Zucker, M. and González, G.},
	year = {1998},
	pages = {6734–6747},
	file = {Fritschel-Alignment_of_GW_Detector.pdf:C:\Users\Chris Mueller\AppData\Roaming\Zotero\Zotero\Profiles\sbk67lce.default\zotero\storage\R82VH2ZV\Fritschel-Alignment_of_GW_Detector.pdf:application/pdf}
},

@article{anderson_alignment_1984,
	title = {Alignment of resonant optical cavities},
	volume = {23},
	url = {http://www.opticsinfobase.org/abstract.cfm?&id=27768},
	number = {17},
	urldate = {2013-01-31},
	journal = {Applied Optics},
	author = {Anderson, D. Z.},
	year = {1984},
	pages = {2944–2949},
	file = {Anderson- Resonant Cavities.pdf:C:\Users\Chris Mueller\AppData\Roaming\Zotero\Zotero\Profiles\sbk67lce.default\zotero\storage\J9VUKKJB\Anderson- Resonant Cavities.pdf:application/pdf}
},

@article{babusci_alignment_1997,
	title = {Alignment procedure for the {VIRGO} interferometer: experimental results from the Frascati prototype},
	volume = {226},
	shorttitle = {Alignment procedure for the {VIRGO} interferometer},
	url = {http://www.sciencedirect.com/science/article/pii/S0375960196009073},
	number = {1},
	urldate = {2013-11-04},
	journal = {Physics Letters A},
	author = {Babusci, D. and Fang, H. and Giordano, G. and Matone, G. and Matone, L. and Sannibale, V.},
	year = {1997},
	pages = {31–40},
	file = {VIRGO_Alignment_Method.pdf:C:\Users\Chris Mueller\AppData\Roaming\Zotero\Zotero\Profiles\sbk67lce.default\zotero\storage\C9BG2SVS\VIRGO_Alignment_Method.pdf:application/pdf}
},

@article{abadie_all-sky_2012,
	title = {All-sky search for gravitational-wave bursts in the second joint {LIGO-Virgo} run},
	volume = {85},
	url = {http://prd.aps.org/abstract/PRD/v85/i12/e122007},
	number = {12},
	urldate = {2014-03-07},
	journal = {Physical Review D},
	author = {Abadie, J. and Abbott, B. P. and Abbott, R. and Abbott, T. D. and Abernathy, M. and Accadia, T. and Acernese, F. and Adams, C. and Adhikari, R. and Affeldt, C. and Mueller, C. L.},
	year = {2012},
	pages = {122007},
	file = {S6_Burst_Search.pdf:C:\Users\Chris Mueller\AppData\Roaming\Zotero\Zotero\Profiles\sbk67lce.default\zotero\storage\EXEIG3E7\S6_Burst_Search.pdf:application/pdf}
},

@article{abadie_all-sky_2012-1,
	title = {All-sky search for periodic gravitational waves in the full S5 {LIGO} data},
	volume = {85},
	url = {http://prd.aps.org/abstract/PRD/v85/i2/e022001},
	number = {2},
	urldate = {2014-03-07},
	journal = {Physical Review D},
	author = {Abadie, J. and Abbott, B. P. and Abbott, R. and Abbott, T. D. and Abernathy, M. and Accadia, T. and Acernese, F. and Adams, C. and Adhikari, R. and Affeldt, C. and Mueller, C. L.},
	year = {2012},
	pages = {022001},
	file = {S6_Periodic_Search.pdf:C:\Users\Chris Mueller\AppData\Roaming\Zotero\Zotero\Profiles\sbk67lce.default\zotero\storage\7CSK8K7W\S6_Periodic_Search.pdf:application/pdf}
},

@misc{devices_analog_2012,
	title = {Analog Filters},
	url = {http://www.analog.com/library/analogdialogue/archives/43-09/edch%208%20filter.pdf},
	author = {Devices, Nidhi},
	year = {2012},
	file = {Analog_Filters.pdf:C:\Users\Chris Mueller\AppData\Roaming\Zotero\Zotero\Profiles\sbk67lce.default\zotero\storage\W29NSDUV\Analog_Filters.pdf:application/pdf}
},

@article{siegman_analysis_1993,
	title = {Analysis of laser beam quality degradation caused by quartic phase aberrations},
	volume = {32},
	url = {http://www.opticsinfobase.org/abstract.cfm?&id=40688},
	number = {30},
	urldate = {2013-01-31},
	journal = {Applied optics},
	author = {Siegman, A. E.},
	year = {1993},
	pages = {5893–5901},
	file = {Siegman-Degraded_Quality_from_Quaric_Phase.pdf:C:\Users\Chris Mueller\AppData\Roaming\Zotero\Zotero\Profiles\sbk67lce.default\zotero\storage\TJ3EPMN7\Siegman-Degraded_Quality_from_Quaric_Phase.pdf:application/pdf}
},

@article{camp_analysis_2000,
	title = {Analysis of light noise sources in a recycled Michelson interferometer with {Fabry–Perot} arms},
	volume = {17},
	url = {http://www.opticsinfobase.org/abstract.cfm?uri=JOSAA-17-1-120},
	number = {1},
	urldate = {2014-03-05},
	journal = {{JOSA} A},
	author = {Camp, Jordan B. and Yamamoto, H. and Whitcomb, S. E. and {McClelland}, D. E.},
	year = {2000},
	pages = {120–128},
	file = {analysis_light_noise_sources_recycled_michelson.pdf:C:\Users\Chris Mueller\AppData\Roaming\Zotero\Zotero\Profiles\sbk67lce.default\zotero\storage\364N2HUV\analysis_light_noise_sources_recycled_michelson.pdf:application/pdf}
},

@article{collins_jr_analysis_1964,
	title = {Analysis of optical resonators involving focusing elements},
	volume = {3},
	url = {http://www.opticsinfobase.org/abstract.cfm?id=13565},
	number = {11},
	urldate = {2013-02-01},
	journal = {Applied Optics},
	author = {Collins Jr, S. A.},
	year = {1964},
	pages = {1263–1275},
	file = {Resonators_w_Focusing.pdf:C:\Users\Chris Mueller\AppData\Roaming\Zotero\Zotero\Profiles\sbk67lce.default\zotero\storage\6SJT6X3X\Resonators_w_Focusing.pdf:application/pdf}
},

@article{hello_analytical_1990,
	title = {Analytical models of thermal aberrations in massive mirrors heated by high power laser beams},
	volume = {51},
	url = {http://jphys.journaldephysique.org/articles/jphys/abs/1990/12/jphys_1990__51_12_1267_0/jphys_1990__51_12_1267_0.html},
	number = {12},
	urldate = {2013-01-31},
	journal = {Journal de Physique},
	author = {Hello, P. and Vinet, J. Y.},
	year = {1990},
	pages = {1267–1282},
	file = {Hello_Vinet.pdf:C:\Users\Chris Mueller\AppData\Roaming\Zotero\Zotero\Profiles\sbk67lce.default\zotero\storage\ZZ244AEI\Hello_Vinet.pdf:application/pdf}
},

@article{hirose_angular_????,
	title = {Angular Instability Due to Radiation Pressure in the {LIGO} Gravitational Wave Detector},
	author = {Hirose, E. and Kawabe, K. and Sigg, D. and Adhikari, Rana and Saulson, P. R.},
	file = {Angular_Instabilities.pdf:C:\Users\Chris Mueller\AppData\Roaming\Zotero\Zotero\Profiles\sbk67lce.default\zotero\storage\4TTNFW6J\Angular_Instabilities.pdf:application/pdf}
},

@article{morrison_automatic_1994,
	title = {Automatic alignment of optical interferometers},
	volume = {33},
	url = {http://www.opticsinfobase.org/abstract.cfm?&id=42086},
	number = {22},
	urldate = {2013-01-31},
	journal = {Applied optics},
	author = {Morrison, E. and Meers, B. J. and Robertson, D. I. and Ward, H.},
	year = {1994},
	pages = {5041–5049},
	file = {Morrison_Automatic_Alignment_of_Interferometers.pdf:C:\Users\Chris Mueller\AppData\Roaming\Zotero\Zotero\Profiles\sbk67lce.default\zotero\storage\RKFPEIVB\Morrison_Automatic_Alignment_of_Interferometers.pdf:application/pdf}
},

@article{cook_auxillary_1995,
	title = {Auxillary Optics Sysem ({AOS)} Initial Alignment System ({IAS)} Final Design Document},
	url = {http://www.ligo.caltech.edu/docs/E/E950018-02.pdf},
	urldate = {2013-01-31},
	journal = {internal {LIGO} document E950018-02-E},
	author = {Cook, Doug and Coyne, Dennis},
	year = {1995},
	file = {T1000230-v6 IAS Final Design (print to pdf).pdf:C:\Users\Chris Mueller\AppData\Roaming\Zotero\Zotero\Profiles\sbk67lce.default\zotero\storage\AKWD2QA2\T1000230-v6 IAS Final Design (print to pdf).pdf:application/pdf}
},

@article{gonzalez_brownian_????,
	title = {Brownian  motion  of a mass  suspended  by  an  anelastic  wire},
	abstract = {The theory of elasticity and the fluctuation-dissipation  theorem were used to calculate the thermal 
noise power spectrum of an extended mass suspended  by an anelastic wire. The implications for 
interferometric detectors of gravitational waves are discussed.},
	author = {Gonzalez, Gabriella},
	file = {Gonzalez_Brownian_Motion_of_Suspended_Mass.pdf:C:\Users\Chris Mueller\AppData\Roaming\Zotero\Zotero\Profiles\sbk67lce.default\zotero\storage\DCDB8F4N\Gonzalez_Brownian_Motion_of_Suspended_Mass.pdf:application/pdf}
},

@article{berden_cavity_2000,
	title = {Cavity ring-down spectroscopy: Experimental schemes and applications},
	volume = {19},
	issn = {0144-{235X}, 1366-{591X}},
	shorttitle = {Cavity ring-down spectroscopy},
	url = {http://www.tandfonline.com/doi/abs/10.1080/014423500750040627},
	doi = {10.1080/014423500750040627},
	number = {4},
	urldate = {2013-11-04},
	journal = {International Reviews in Physical Chemistry},
	author = {Berden, Giel and Peeters, Rudy and Meijer, Gerard},
	month = oct,
	year = {2000},
	pages = {565--607},
	file = {Cavity_Ringdown_Spectroscopy.pdf:C:\Users\Chris Mueller\AppData\Roaming\Zotero\Zotero\Profiles\sbk67lce.default\zotero\storage\69T9ZK4H\Cavity_Ringdown_Spectroscopy.pdf:application/pdf}
},

@article{rakhmanov_characterization_2004,
	title = {Characterization of the {LIGO} 4 km {Fabry–Perot} cavities via their high-frequency dynamic responses to length and laser frequency variations},
	volume = {21},
	url = {http://iopscience.iop.org/0264-9381/21/5/015},
	number = {5},
	urldate = {2013-11-04},
	journal = {Classical and Quantum Gravity},
	author = {Rakhmanov, M. and Bondu, F. and Debieu, O. and Savage Jr, R. L.},
	year = {2004},
	pages = {S487},
	file = {Characterization_of_LIGO_via_Dynamic_Response.pdf:C:\Users\Chris Mueller\AppData\Roaming\Zotero\Zotero\Profiles\sbk67lce.default\zotero\storage\9PM8VR5W\Characterization_of_LIGO_via_Dynamic_Response.pdf:application/pdf}
},

@article{dooley_characterization_2011,
	title = {Characterization of thermal effects in the Enhanced {LIGO} Input Optics},
	url = {http://arxiv.org/abs/1112.1737},
	urldate = {2013-03-01},
	journal = {{arXiv} preprint {arXiv:1112.1737}},
	author = {Dooley, Katherine L. and Arain, Muzammil A. and Feldbaum, David and Frolov, Valery V. and Heintze, Matthew and Hoak, Daniel and Khazanov, Efim A. and Lucianetti, Antonio and Martin, Rodica M. and Müller, Guido},
	year = {2011},
	file = {Dooley-Characterization_Thermal_Effects.pdf:C:\Users\Chris Mueller\AppData\Roaming\Zotero\Zotero\Profiles\sbk67lce.default\zotero\storage\3V3WRD6V\Dooley-Characterization_Thermal_Effects.pdf:application/pdf}
},

@misc{_circuit_????,
	title = {Circuit Examples from {TI}},
	file = {Circuits.pdf:C:\Users\Chris Mueller\AppData\Roaming\Zotero\Zotero\Profiles\sbk67lce.default\zotero\storage\NSSF9WQ5\Circuits.pdf:application/pdf}
},

@misc{mizuno_comparison_????,
	title = {Comparison of Optical Configurations for Advanced Gravitational-wave Detectors},
	author = {Mizuno, Jun},
	file = {Mizuno - Comparison of Optical Configurations.pdf:C:\Users\Chris Mueller\AppData\Roaming\Zotero\Zotero\Profiles\sbk67lce.default\zotero\storage\KVCMD8ZG\Mizuno - Comparison of Optical Configurations.pdf:application/pdf}
},

@article{porras_complex_1992,
	title = {Complex beam parameter and {ABCD} law for non-Gaussian and nonspherical light beams},
	volume = {31},
	url = {http://www.opticsinfobase.org/ao/fulltext.cfm?uri=ao-31-30-6389},
	number = {30},
	urldate = {2014-02-20},
	journal = {Applied optics},
	author = {Porras, Miguel A. and Alda, Javier and Bernabeu, Eusebio},
	year = {1992},
	pages = {6389–6402},
	file = {ABCD_Law_Non_Gaussian_Beams.pdf:C:\Users\Chris Mueller\AppData\Roaming\Zotero\Zotero\Profiles\sbk67lce.default\zotero\storage\FG9A6BAN\ABCD_Law_Non_Gaussian_Beams.pdf:application/pdf}
},

@article{saberi_control_1996,
	title = {Control of linear systems with saturating actuators},
	volume = {41},
	url = {http://ieeexplore.ieee.org/xpls/abs_all.jsp?arnumber=486638},
	number = {3},
	urldate = {2013-04-30},
	journal = {Automatic Control, {IEEE} Transactions on},
	author = {Saberi, Ali and Lin, Zongli and Teel, Andrew R.},
	year = {1996},
	pages = {368–378},
	file = {Control_with_Saturating_Actuators.pdf:C:\Users\Chris Mueller\AppData\Roaming\Zotero\Zotero\Profiles\sbk67lce.default\zotero\storage\F48543PU\Control_with_Saturating_Actuators.pdf:application/pdf}
},

@article{thomas_crystal_1992,
	title = {Crystal structures of {RbTiOAsO4}, {KTiO} (P0. 58, As0. 42) O4, {RbTiOPO4} and (Rb0. 465, K0. 535) {TiOPO4}, and analysis of pseudosymmetry in crystals of the {KTiOPO4} family},
	volume = {48},
	url = {http://scripts.iucr.org/cgi-bin/paper?ha0083},
	number = {4},
	urldate = {2013-01-31},
	journal = {Acta Crystallographica Section B: Structural Science},
	author = {Thomas, P. A. and Mayo, S. C. and Watts, B. E.},
	year = {1992},
	pages = {401–407},
	file = {Crystal_Structure.pdf:C:\Users\Chris Mueller\AppData\Roaming\Zotero\Zotero\Profiles\sbk67lce.default\zotero\storage\C7GWKW2Z\Crystal_Structure.pdf:application/pdf}
},

@techreport{klimenko_data_2001,
	title = {Data Compression study with the E2 Data},
	url = {https://dcc-lho.ligo.org/public/0026/T010033/000/T010033-00.pdf},
	urldate = {2013-01-31},
	institution = {{LIGO-T010033-00-E} Technical Report},
	author = {Klimenko, S. and Mours, B. and Shawhan, P. and Sazonov, A.},
	year = {2001},
	file = {Input Optics Subsystem Conceptual Design Document.pdf:C:\Users\Chris Mueller\AppData\Roaming\Zotero\Zotero\Profiles\sbk67lce.default\zotero\storage\V8B4UK92\Input Optics Subsystem Conceptual Design Document.pdf:application/pdf;Input Optics Subsystem Conceptual Design Document.pdf:C:\Users\Chris Mueller\AppData\Roaming\Zotero\Zotero\Profiles\sbk67lce.default\zotero\storage\DUW8HTTV\Input Optics Subsystem Conceptual Design Document.pdf:application/pdf}
},

@article{heinzel_deep_2010,
	title = {Deep phase modulation interferometry},
	volume = {18},
	url = {http://www.opticsinfobase.org/oe/fulltext.cfm?uri=oe-18-18-19076},
	number = {18},
	urldate = {2013-01-31},
	journal = {Optics express},
	author = {Heinzel, G. and Guzmán Cervantes, F. and García Marin, A. F. and Kullmann, J. and Feng, W. and Danzmann, K.},
	year = {2010},
	pages = {19076–19086},
	file = {Deep phase modulation interferometry.pdf:C:\Users\Chris Mueller\AppData\Roaming\Zotero\Zotero\Profiles\sbk67lce.default\zotero\storage\3U5T72DP\Deep phase modulation interferometry.pdf:application/pdf}
},

@article{arnaud_degenerate_1969,
	title = {Degenerate optical cavities},
	volume = {8},
	url = {http://www.opticsinfobase.org/abstract.cfm?id=15603},
	number = {1},
	urldate = {2013-11-05},
	journal = {Applied optics},
	author = {Arnaud, J. A.},
	year = {1969},
	pages = {189–195},
	file = {Degenerate_Optical_Cavities.pdf:C:\Users\Chris Mueller\AppData\Roaming\Zotero\Zotero\Profiles\sbk67lce.default\zotero\storage\G9R93VB7\Degenerate_Optical_Cavities.pdf:application/pdf}
},

@article{tache_derivation_1987,
	title = {Derivation of {ABCD} law for Laguerre-Gaussian beams},
	volume = {26},
	url = {http://www.opticsinfobase.org/viewmedia.cfm?id=61725&seq=0},
	number = {14/15},
	urldate = {2014-02-20},
	journal = {Applied optics},
	author = {Taché, J. P.},
	year = {1987},
	file = {derivation_of_ABCD_Law_for_Laguerre_Gaussian_Beams.pdf:C:\Users\Chris Mueller\AppData\Roaming\Zotero\Zotero\Profiles\sbk67lce.default\zotero\storage\F3MHTX89\derivation_of_ABCD_Law_for_Laguerre_Gaussian_Beams.pdf:application/pdf}
},

@article{sato_diagonalization_2007,
	title = {Diagonalization of the length sensing matrix of a dual recycled laser interferometer gravitational wave antenna},
	volume = {75},
	issn = {1550-7998, 1550-2368},
	url = {http://link.aps.org/doi/10.1103/PhysRevD.75.082004},
	doi = {10.1103/PhysRevD.75.082004},
	number = {8},
	urldate = {2014-02-13},
	journal = {Physical Review D},
	author = {Sato, Shuichi and Kawamura, Seiji and Kokeyama, Keiko and Kawazoe, Fumiko and Somiya, Kentaro},
	month = apr,
	year = {2007},
	file = {Diagonalization_Length_Sensing_Dual_Recycled.pdf:C:\Users\Chris Mueller\AppData\Roaming\Zotero\Zotero\Profiles\sbk67lce.default\zotero\storage\CF447DSJ\Diagonalization_Length_Sensing_Dual_Recycled.pdf:application/pdf}
},

@article{kleckner_diffraction-limited_2010,
	title = {Diffraction-limited high-finesse optical cavities},
	volume = {81},
	issn = {1050-2947, 1094-1622},
	url = {http://link.aps.org/doi/10.1103/PhysRevA.81.043814},
	doi = {10.1103/PhysRevA.81.043814},
	number = {4},
	urldate = {2013-11-20},
	journal = {Physical Review A},
	author = {Kleckner, Dustin and Irvine, William T. M. and Oemrawsingh, Sumant S. R. and Bouwmeester, Dirk},
	month = apr,
	year = {2010},
	file = {Diffraction_Limited_High_Finesse_Cavities.pdf:C:\Users\Chris Mueller\AppData\Roaming\Zotero\Zotero\Profiles\sbk67lce.default\zotero\storage\WCXT27CW\Diffraction_Limited_High_Finesse_Cavities.pdf:application/pdf}
},

@article{aasi_directed_2013,
	title = {Directed search for continuous gravitational waves from the Galactic center},
	volume = {88},
	url = {http://prd.aps.org/abstract/PRD/v88/i10/e102002},
	number = {10},
	urldate = {2014-03-07},
	journal = {Physical Review D},
	author = {Aasi, J. and Abadie, J. and Abbott, B. P. and Abbott, R. and Abbott, T. and Abernathy, M. R. and Accadia, T. and Acernese, F. and Adams, C. and Adams, T. and Mueller, C. L.},
	year = {2013},
	pages = {102002},
	file = {PhysRevD.88.102002.pdf:C:\Users\Chris Mueller\AppData\Roaming\Zotero\Zotero\Profiles\sbk67lce.default\zotero\storage\4VKVSDD5\PhysRevD.88.102002.pdf:application/pdf}
},

@article{muller_dual-recycled_2003,
	title = {Dual-recycled cavity-enhanced Michelson interferometer for gravitational-wave detection},
	volume = {42},
	url = {http://www.opticsinfobase.org/abstract.cfm?id=71366},
	number = {7},
	urldate = {2013-09-17},
	journal = {Applied optics},
	author = {Müller, Guido and Delker, Tom and Tanner, David B. and Reitze, David},
	year = {2003},
	pages = {1257–1268},
	file = {Mueller-Dual_Recycled_Michelson.pdf:C:\Users\Chris Mueller\AppData\Roaming\Zotero\Zotero\Profiles\sbk67lce.default\zotero\storage\UAECQF4F\Mueller-Dual_Recycled_Michelson.pdf:application/pdf}
},

@article{rakhmanov_dynamic_2002,
	title = {Dynamic resonance of light in {Fabry–Perot} cavities},
	volume = {305},
	url = {http://www.sciencedirect.com/science/article/pii/S037596010201469X},
	number = {5},
	urldate = {2013-04-09},
	journal = {Physics Letters A},
	author = {Rakhmanov, M. and Savage Jr, R. L. and Reitze, D. H. and Tanner, D. B.},
	year = {2002},
	pages = {239–244},
	file = {Rakhmanov_Dynamic_Resonance_of_FP.pdf:C:\Users\Chris Mueller\AppData\Roaming\Zotero\Zotero\Profiles\sbk67lce.default\zotero\storage\QVRRS444\Rakhmanov_Dynamic_Resonance_of_FP.pdf:application/pdf}
},

@phdthesis{rakhmanov_dynamics_2000,
	title = {Dynamics of laser interferometric gravitational wave detectors},
	url = {http://docuserv.ligo.caltech.edu/docs/public/P/P000002-00.pdf},
	urldate = {2013-01-31},
	school = {California Institute of Technology},
	author = {Rakhmanov, M.},
	year = {2000},
	file = {Malik_Rakhmanov.pdf:C:\Users\Chris Mueller\AppData\Roaming\Zotero\Zotero\Profiles\sbk67lce.default\zotero\storage\PVCV7THF\Malik_Rakhmanov.pdf:application/pdf}
},

@article{kawazoe_eigenmode_2010,
	title = {Eigenmode in a misaligned triangular optical cavity},
	url = {http://arxiv.org/abs/1010.5677},
	urldate = {2013-10-07},
	journal = {{arXiv} preprint {arXiv:1010.5677}},
	author = {Kawazoe, Fumiko and Schilling, Roland and Lueck, Harald},
	year = {2010},
	file = {Eigenmode_Misaligned_Triangular_Cavity.pdf:C:\Users\Chris Mueller\AppData\Roaming\Zotero\Zotero\Profiles\sbk67lce.default\zotero\storage\DR36JBZ6\Eigenmode_Misaligned_Triangular_Cavity.pdf:application/pdf}
},

@article{aasi_enhanced_2013,
	title = {Enhanced sensitivity of the {LIGO} gravitational wave detector by using squeezed states of light},
	volume = {7},
	issn = {1749-4885, 1749-4893},
	url = {http://www.nature.com/doifinder/10.1038/nphoton.2013.177},
	doi = {10.1038/nphoton.2013.177},
	number = {8},
	urldate = {2014-03-07},
	journal = {Nature Photonics},
	author = {Aasi, J. and Abadie, J. and Abbott, B. P. and Abbott, R. and Abbott, T. D. and Abernathy, M. R. and Adams, C. and Adams, T. and Addesso, P. and Adhikari, R. X. and Affeldt, C. and Aguiar, O. D. and Ajith, P. and Allen, B. and Amador Ceron, E. and Amariutei, D. and Anderson, S. B. and Anderson, W. G. and Arai, K. and Araya, M. C. and Arceneaux, C. and Ast, S. and Aston, S. M. and Atkinson, D. and Aufmuth, P. and Aulbert, C. and Austin, L. and Aylott, B. E. and Babak, S. and Baker, P. T. and Ballmer, S. and Bao, Y. and Barayoga, J. C. and Barker, D. and Barr, B. and Barsotti, L. and Barton, M. A. and Bartos, I. and Bassiri, R. and Batch, J. and Bauchrowitz, J. and Behnke, B. and Bell, A. S. and Bell, C. and Bergmann, G. and Berliner, J. M. and Bertolini, A. and Betzwieser, J. and Beveridge, N. and Beyersdorf, P. T. and Bhadbhade, T. and Bilenko, I. A. and Billingsley, G. and Birch, J. and Biscans, S. and Black, E. and Blackburn, J. K. and Blackburn, L. and Blair, D. and Bland, B. and Bock, O. and Bodiya, T. P. and Bogan, C. and Bond, C. and Bork, R. and Born, M. and Bose, S. and Bowers, J. and Brady, P. R. and Braginsky, V. B. and Brau, J. E. and Breyer, J. and Bridges, D. O. and Brinkmann, M. and Britzger, M. and Brooks, A. F. and Brown, D. A. and Brown, D. D. and Buckland, K. and Brückner, F. and Buchler, B. C. and Buonanno, A. and Burguet-Castell, J. and Byer, R. L. and Cadonati, L. and Camp, J. B. and Campsie, P. and Cannon, K. and Cao, J. and Capano, C. D. and Carbone, L. and Caride, S. and Castiglia, A. D. and Caudill, S. and Cavaglià, M. and Cepeda, C. and Chalermsongsak, T. and Chao, S. and Charlton, P. and Chen, X. and Chen, Y. and Cho, H-S. and Chow, J. H. and Christensen, N. and Chu, Q. and Chua, S. S. Y and Chung, C. T. Y. and Ciani, G. and Clara, F. and Clark, D. E. and Clark, J. A. and Constancio Junior, M. and Cook, D. and Corbitt, T. R. and Cordier, M. and Cornish, N. and Corsi, A. and Costa, C. A. and Coughlin, M. W. and Countryman, S. and Couvares, P. and Coward, D. M. and Cowart, M. and Coyne, D. C. and Craig, K. and Creighton, J. D. E. and Creighton, T. D. and Cumming, A. and Cunningham, L. and Dahl, K. and Damjanic, M. and Danilishin, S. L. and Danzmann, K. and Daudert, B. and Daveloza, H. and Davies, G. S. and Daw, E. J. and Dayanga, T. and Deleeuw, E. and Denker, T. and Dent, T. and Dergachev, V. and {DeRosa}, R. and {DeSalvo}, R. and Dhurandhar, S. and Di Palma, I. and Díaz, M. and Dietz, A. and Donovan, F. and Dooley, K. L. and Doravari, S. and Drasco, S. and Drever, R. W. P. and Driggers, J. C. and Du, Z. and Dumas, J-C. and Dwyer, S. and Eberle, T. and Edwards, M. and Effler, A. and Ehrens, P. and Eikenberry, S. S. and Engel, R. and Essick, R. and Etzel, T. and Evans, K. and Evans, M. and Evans, T. and Factourovich, M. and Fairhurst, S. and Fang, Q. and Farr, B. F. and Farr, W. and Favata, M. and Fazi, D. and Fehrmann, H. and Feldbaum, D. and Finn, L. S. and Fisher, R. P. and Foley, S. and Forsi, E. and Fotopoulos, N. and Frede, M. and Frei, M. A. and Frei, Z. and Freise, A. and Frey, R. and Fricke, T. T. and Friedrich, D. and Fritschel, P. and Frolov, V. V. and Fujimoto, M-K. and Fulda, P. J. and Fyffe, M. and Gair, J. and Garcia, J. and Gehrels, N. and Gelencser, G. and Gergely, L. á. and Ghosh, S. and Giaime, J. A. and Giampanis, S. and Giardina, K. D. and Gil-Casanova, S. and Gill, C. and Gleason, J. and Goetz, E. and González, G. and Gordon, N. and Gorodetsky, M. L. and Gossan, S. and Goßler, S. and Graef, C. and Graff, P. B. and Grant, A. and Gras, S. and Gray, C. and Greenhalgh, R. J. S. and Gretarsson, A. M. and Griffo, C. and Grote, H. and Grover, K. and Grunewald, S. and Guido, C. and Gustafson, E. K. and Gustafson, R. and Hammer, D. and Hammond, G. and Hanks, J. and Hanna, C. and Hanson, J. and Haris, K. and Harms, J. and Harry, G. M. and Harry, I. W. and Harstad, E. D. and Hartman, M. T. and Haughian, K. and Hayama, K. and Heefner, J. and Heintze, M. C. and Hendry, M. A. and Heng, I. S. and Heptonstall, A. W. and Heurs, M. and Hewitson, M. and Hild, S. and Hoak, D. and Hodge, K. A. and Holt, K. and Holtrop, M. and Hong, T. and Hooper, S. and Hough, J. and Howell, E. J. and Huang, V. and Huerta, E. A. and Hughey, B. and Huttner, S. H. and Huynh, M. and Huynh-Dinh, T. and Ingram, D. R. and Inta, R. and Isogai, T. and Ivanov, A. and Iyer, B. R. and Izumi, K. and Jacobson, M. and James, E. and Jang, H. and Jang, Y. J. and Jesse, E. and Johnson, W. W. and Jones, D. and Jones, D. I. and Jones, R. and Ju, L. and Kalmus, P. and Kalogera, V. and Kandhasamy, S. and Kang, G. and Kanner, J. B. and Kasturi, R. and Katsavounidis, E. and Katzman, W. and Kaufer, H. and Kawabe, K. and Kawamura, S. and Kawazoe, F. and Keitel, D. and Kelley, D. B. and Kells, W. and Keppel, D. G. and Khalaidovski, A. and Khalili, F. Y. and Khazanov, E. A. and Kim, B. K. and Kim, C. and Kim, K. and Kim, N. and Kim, Y-M. and King, P. J. and Kinzel, D. L. and Kissel, J. S. and Klimenko, S. and Kline, J. and Kokeyama, K. and Kondrashov, V. and Koranda, S. and Korth, W. Z. and Kozak, D. and Kozameh, C. and Kremin, A. and Kringel, V. and Krishnan, B. and Kucharczyk, C. and Kuehn, G. and Kumar, P. and Kumar, R. and Kuper, B. J. and Kurdyumov, R. and Kwee, P. and Lam, P. K. and Landry, M. and Lantz, B. and Lasky, P. D. and Lawrie, C. and Lazzarini, A. and Le Roux, A. and Leaci, P. and Lee, C-H. and Lee, H. K. and Lee, H. M. and Lee, J. and Leong, J. R. and Levine, B. and Lhuillier, V. and Lin, A. C. and Litvine, V. and Liu, Y. and Liu, Z. and Lockerbie, N. A. and Lodhia, D. and Loew, K. and Logue, J. and Lombardi, A. L. and Lormand, M. and Lough, J. and Lubinski, M. and Lück, H. and Lundgren, A. P. and Macarthur, J. and Macdonald, E. and Machenschalk, B. and {MacInnis}, M. and Macleod, D. M. and Magaña-Sandoval, F. and Mageswaran, M. and Mailand, K. and Manca, G. and Mandel, I. and Mandic, V. and Márka, S. and Márka, Z. and Markosyan, A. S. and Maros, E. and Martin, I. W. and Martin, R. M. and Martinov, D. and Marx, J. N. and Mason, K. and Matichard, F. and Matone, L. and Matzner, R. A. and Mavalvala, N. and May, G. and Mazzolo, G. and {McAuley}, K. and {McCarthy}, R. and {McClelland}, D. E. and {McGuire}, S. C. and {McIntyre}, G. and {McIver}, J. and Meadors, G. D. and Mehmet, M. and Meier, T. and Melatos, A. and Mendell, G. and Mercer, R. A. and Meshkov, S. and Messenger, C. and Meyer, M. S. and Miao, H. and Miller, J. and Mingarelli, C. M. F. and Mitra, S. and Mitrofanov, V. P. and Mitselmakher, G. and Mittleman, R. and Moe, B. and Mokler, F. and Mohapatra, S. R. P. and Moraru, D. and Moreno, G. and Mori, T. and Morriss, S. R. and Mossavi, K. and Mow-Lowry, C. M. and Mueller, C. L. and Mueller, G. and Mukherjee, S. and Mullavey, A. and Munch, J. and Murphy, D. and Murray, P. G. and Mytidis, A. and Nanda Kumar, D. and Nash, T. and Nayak, R. and Necula, V. and Newton, G. and Nguyen, T. and Nishida, E. and Nishizawa, A. and Nitz, A. and Nolting, D. and Normandin, M. E. and Nuttall, L. K. and {O'Dell}, J. and {O'Reilly}, B. and {O'Shaughnessy}, R. and Ochsner, E. and Oelker, E. and Ogin, G. H. and Oh, J. J. and Oh, S. H. and Ohme, F. and Oppermann, P. and Osthelder, C. and Ott, C. D. and Ottaway, D. J. and Ottens, R. S. and Ou, J. and Overmier, H. and Owen, B. J. and Padilla, C. and Pai, A. and Pan, Y. and Pankow, C. and Papa, M. A. and Paris, H. and Parkinson, W. and Pedraza, M. and Penn, S. and Peralta, C. and Perreca, A. and Phelps, M. and Pickenpack, M. and Pierro, V. and Pinto, I. M. and Pitkin, M. and Pletsch, H. J. and Pöld, J. and Postiglione, F. and Poux, C. and Predoi, V. and Prestegard, T. and Price, L. R. and Prijatelj, M. and Privitera, S. and Prokhorov, L. G. and Puncken, O. and Quetschke, V. and Quintero, E. and Quitzow-James, R. and Raab, F. J. and Radkins, H. and Raffai, P. and Raja, S. and Rakhmanov, M. and Ramet, C. and Raymond, V. and Reed, C. M. and Reed, T. and Reid, S. and Reitze, D. H. and Riesen, R. and Riles, K. and Roberts, M. and Robertson, N. A. and Robinson, E. L. and Roddy, S. and Rodriguez, C. and Rodriguez, L. and Rodruck, M. and Rollins, J. G. and Romie, J. H. and Röver, C. and Rowan, S. and Rüdiger, A. and Ryan, K. and Salemi, F. and Sammut, L. and Sandberg, V. and Sanders, J. and Sankar, S. and Sannibale, V. and Santamaría, L. and Santiago-Prieto, I. and Santostasi, G. and Sathyaprakash, B. S. and Saulson, P. R. and Savage, R. L. and Schilling, R. and Schnabel, R. and Schofield, R. M. S. and Schuette, D. and Schulz, B. and Schutz, B. F. and Schwinberg, P. and Scott, J. and Scott, S. M. and Seifert, F. and Sellers, D. and Sengupta, A. S. and Sergeev, A. and Shaddock, D. A. and Shahriar, M. S. and Shaltev, M. and Shao, Z. and Shapiro, B. and Shawhan, P. and Shoemaker, D. H. and Sidery, T. L. and Siemens, X. and Sigg, D. and Simakov, D. and Singer, A. and Singer, L. and Sintes, A. M. and Skelton, G. R. and Slagmolen, B. J. J and Slutsky, J. and Smith, J. R. and Smith, M. R. and Smith, R. J. E. and Smith-Lefebvre, N. D. and Son, E. J. and Sorazu, B. and Souradeep, T. and Stefszky, M. and Steinert, E. and Steinlechner, J. and Steinlechner, S. and Steplewski, S. and Stevens, D. and Stochino, A. and Stone, R. and Strain, K. A. and Strigin, S. E. and Stroeer, A. S. and Stuver, A. L. and Summerscales, T. Z. and Susmithan, S. and Sutton, P. J. and Szeifert, G. and Talukder, D. and Tanner, D. B. and Tarabrin, S. P. and Taylor, R. and Thomas, M. and Thomas, P. and Thorne, K. A. and Thorne, K. S. and Thrane, E. and Tiwari, V. and Tokmakov, K. V. and Tomlinson, C. and Torres, C. V. and Torrie, C. I. and Traylor, G. and Tse, M. and Ugolini, D. and Unnikrishnan, C. S. and Vahlbruch, H. and Vallisneri, M. and van der Sluys, M. V. and van Veggel, A. A. and Vass, S. and Vaulin, R. and Vecchio, A. and Veitch, P. J. and Veitch, J. and Venkateswara, K. and Verma, S. and Vincent-Finley, R. and Vitale, S. and Vo, T. and Vorvick, C. and Vousden, W. D. and Vyatchanin, S. P. and Wade, A. and Wade, L. and Wade, M. and Waldman, S. J. and Wallace, L. and Wan, Y. and Wang, M. and Wang, J. and Wang, X. and Wanner, A. and Ward, R. L. and Was, M. and Weinert, M. and Weinstein, A. J. and Weiss, R. and Welborn, T. and Wen, L. and Wessels, P. and West, M. and Westphal, T. and Wette, K. and Whelan, J. T. and Whitcomb, S. E. and Wiseman, A. G. and White, D. J. and Whiting, B. F. and Wiesner, K. and Wilkinson, C. and Willems, P. A. and Williams, L. and Williams, R. and Williams, T. and Willis, J. L. and Willke, B. and Wimmer, M. and Winkelmann, L. and Winkler, W. and C. Wipf, C. and Wittel, H. and Woan, G. and Wooley, R. and Worden, J. and Yablon, J. and Yakushin, I. and Yamamoto, H. and Yancey, C. C. and Yang, H. and Yeaton-Massey, D. and Yoshida, S. and Yum, H. and Zanolin, M. and Zhang, F. and Zhang, L. and Zhao, C. and Zhu, H. and Zhu, X. J. and Zotov, N. and Zucker, M. E. and Zweizig, J.},
	month = jul,
	year = {2013},
	pages = {613--619},
	file = {Enhanced_Sensitivity_Using_Squeezed_States.pdf:C:\Users\Chris Mueller\AppData\Roaming\Zotero\Zotero\Profiles\sbk67lce.default\zotero\storage\7R7GC4NQ\Enhanced_Sensitivity_Using_Squeezed_States.pdf:application/pdf}
},

@article{richter_estimating_1995,
	title = {Estimating errors in least-squares fitting},
	url = {http://tmo.jpl.nasa.gov/progress_report/42-122/122E.pdf},
	urldate = {2013-10-09},
	journal = {{TDA} Progress Report},
	author = {Richter, P. H.},
	year = {1995},
	pages = {42–122},
	file = {122E.pdf:C:\Users\Chris Mueller\AppData\Roaming\Zotero\Zotero\Profiles\sbk67lce.default\zotero\storage\RMHDJV44\122E.pdf:application/pdf;Errors_Least_Squares.pdf:C:\Users\Chris Mueller\AppData\Roaming\Zotero\Zotero\Profiles\sbk67lce.default\zotero\storage\6QW44K8V\Errors_Least_Squares.pdf:application/pdf}
},

@article{heinzel_experimental_1998,
	title = {Experimental demonstration of a suspended dual recycling interferometer for gravitational wave detection},
	volume = {81},
	url = {http://prl.aps.org/abstract/PRL/v81/i25/p5493_1},
	number = {25},
	urldate = {2014-02-13},
	journal = {Physical review letters},
	author = {Heinzel, G. and Strain, K. A. and Mizuno, J. and Skeldon, K. D. and Willke, B. and Winkler, W. and Schilling, R. and Rüdiger, A. and Danzmann, K.},
	year = {1998},
	pages = {5493},
	file = {Experimental_Demonstration_Suspended_Dual_Recycled.pdf:C:\Users\Chris Mueller\AppData\Roaming\Zotero\Zotero\Profiles\sbk67lce.default\zotero\storage\M2XS927S\Experimental_Demonstration_Suspended_Dual_Recycled.pdf:application/pdf}
},

@article{shen_fast-fourier-transform_2006,
	title = {Fast-Fourier-transform based numerical integration method for the Rayleigh-Sommerfeld diffraction formula},
	volume = {45},
	url = {http://www.opticsinfobase.org/ao/fulltext.cfm?uri=ao-45-6-1102},
	number = {6},
	urldate = {2013-01-31},
	journal = {Applied optics},
	author = {Shen, F. and Wang, A.},
	year = {2006},
	pages = {1102–1110},
	file = {FFT_Numerical_Integration.pdf:C:\Users\Chris Mueller\AppData\Roaming\Zotero\Zotero\Profiles\sbk67lce.default\zotero\storage\43ZR6BAD\FFT_Numerical_Integration.pdf:application/pdf}
},

@article{euwema_first-order_1956,
	title = {First-Order Vacuum Polarizability from the Principle of Causality},
	volume = {103},
	url = {http://prola.aps.org/abstract/PR/v103/i3/p803_1},
	number = {3},
	urldate = {2014-02-27},
	journal = {Physical Review},
	author = {Euwema, Robert N. and Wheeler, John A.},
	year = {1956},
	pages = {803},
	file = {Vacuum_Polarizability.pdf:C:\Users\Chris Mueller\AppData\Roaming\Zotero\Zotero\Profiles\sbk67lce.default\zotero\storage\82FB4VJ7\Vacuum_Polarizability.pdf:application/pdf}
},

@article{fritschel_frequency_1989,
	title = {Frequency fluctuations of a diode-pumped Nd: {YAG} ring laser},
	volume = {14},
	shorttitle = {Frequency fluctuations of a diode-pumped Nd},
	url = {http://www.opticsinfobase.org/abstract.cfm?&id=9804},
	number = {18},
	urldate = {2013-03-06},
	journal = {Optics letters},
	author = {Fritschel, Peter and Jeffries, Andrew and Kane, Thomas J.},
	year = {1989},
	pages = {993–995},
	file = {Fritschel_Frequency_Fluctuations_of_NdYag.pdf:C:\Users\Chris Mueller\AppData\Roaming\Zotero\Zotero\Profiles\sbk67lce.default\zotero\storage\S9GP9IW8\Fritschel_Frequency_Fluctuations_of_NdYag.pdf:application/pdf}
},

@article{shaddock_frequency_1999,
	title = {Frequency locking a laser to an optical cavity by use of spatial mode interference},
	volume = {24},
	url = {http://www.opticsinfobase.org/abstract.cfm?&id=37508},
	number = {21},
	urldate = {2013-11-19},
	journal = {Optics letters},
	author = {Shaddock, D. A. and Gray, M. B. and {McClelland}, D. E.},
	year = {1999},
	pages = {1499–1501},
	file = {Tilt_Locking.pdf:C:\Users\Chris Mueller\AppData\Roaming\Zotero\Zotero\Profiles\sbk67lce.default\zotero\storage\SMNW292M\Tilt_Locking.pdf:application/pdf}
},

@techreport{sigg_frequency_1997,
	title = {Frequency response of the {LIGO} interferometer},
	url = {https://dcc-llo.ligo.org/public/0028/T970084/000/T970084-00.pdf},
	abstract = {This document summarizes the frequency response of the {LIGO} interferometer to length changes
and to input beam noise. In particular, the robustness of the longitudinal error signals to small
changes of the interferometer losses and the coupling of frequency noise into the gravitational
wave band are derived in detail.},
	urldate = {2013-02-28},
	author = {Sigg, Daniel and Group, {IS} C.},
	year = {1997},
	file = {Sigg_Frequency_Response.pdf:C:\Users\Chris Mueller\AppData\Roaming\Zotero\Zotero\Profiles\sbk67lce.default\zotero\storage\RDXT9C7U\Sigg_Frequency_Response.pdf:application/pdf}
},

@article{casperson_generalized_1995,
	title = {Generalized beam matrices: Gaussian beam propagation in misaligned complex optical systems},
	shorttitle = {Generalized beam matrices},
	url = {http://pdxscholar.library.pdx.edu/cgi/viewcontent.cgi?article=1068&context=ece_fac},
	urldate = {2013-10-07},
	author = {Casperson, Lee W. and Tovar, Anthony A.},
	year = {1995},
	file = {casperson_generalizedbeammatrics.pdf:C:\Users\Chris Mueller\AppData\Roaming\Zotero\Zotero\Profiles\sbk67lce.default\zotero\storage\44BCVCCW\casperson_generalizedbeammatrics.pdf:application/pdf}
},

@article{klaassen_gouy_2004,
	title = {Gouy phase of nonparaxial eigenmodes in a folded resonator},
	volume = {21},
	url = {http://www.opticsinfobase.org/abstract.cfm?&id=80923},
	number = {9},
	urldate = {2013-11-05},
	journal = {{JOSA} A},
	author = {Klaassen, Thijs and Hoogeboom, Arthur and van Exter, Martin P. and Woerdman, J. P.},
	year = {2004},
	pages = {1689–1693},
	file = {Gouy_Phase_Nonparaxial_Eigenmodes_Folded_Resonator.pdf:C:\Users\Chris Mueller\AppData\Roaming\Zotero\Zotero\Profiles\sbk67lce.default\zotero\storage\6FRVEJZN\Gouy_Phase_Nonparaxial_Eigenmodes_Folded_Resonator.pdf:application/pdf}
},

@article{adhikari_gravitational_????,
	title = {Gravitational Radiation Detection with Laser Interferometry},
	author = {Adhikari, Rana},
	file = {Adhikari-Gravitational_Radiation_Detection.pdf:C:\Users\Chris Mueller\AppData\Roaming\Zotero\Zotero\Profiles\sbk67lce.default\zotero\storage\PSTTD8ZR\Adhikari-Gravitational_Radiation_Detection.pdf:application/pdf}
},

@article{oemrawsingh_half-integral_2004,
	title = {Half-integral spiral phase plates for optical wavelengths},
	volume = {6},
	issn = {1464-4258, 1741-3567},
	url = {http://stacks.iop.org/1464-4258/6/i=5/a=029?key=crossref.1c693cfc5c482039ab34130818aa2a24},
	doi = {10.1088/1464-4258/6/5/029},
	number = {5},
	urldate = {2013-11-19},
	journal = {Journal of Optics A: Pure and Applied Optics},
	author = {Oemrawsingh, S S R and Eliel, E R and Woerdman, J P and Verstegen, E J K and Kloosterboer, J G and Hooft, G W t},
	month = may,
	year = {2004},
	pages = {S288--S290},
	file = {Half_Integral_Spiral_Phase_Plates.pdf:C:\Users\Chris Mueller\AppData\Roaming\Zotero\Zotero\Profiles\sbk67lce.default\zotero\storage\CPVAPRTF\Half_Integral_Spiral_Phase_Plates.pdf:application/pdf}
},

@phdthesis{brooks_hartmann_????,
	title = {Hartmann Wavefront Sensors for Advanced Gravitational Wave Interferometers},
	author = {Brooks, Aidan},
	file = {Aiden_Brooks.PDF:C:\Users\Chris Mueller\AppData\Roaming\Zotero\Zotero\Profiles\sbk67lce.default\zotero\storage\ITTRWEE8\Aiden_Brooks.PDF:application/pdf}
},

@article{winkler_heating_1991,
	title = {Heating by optical absorption and the performance of interferometric gravitational-wave detectors},
	volume = {44},
	url = {http://docuserv.ligo.caltech.edu/docs/public/P/P910012-00.pdf},
	number = {11},
	urldate = {2013-08-13},
	journal = {Physical Review A},
	author = {Winkler, W. and Danzmann, K. and Rüdiger, A. and Schilling, R.},
	year = {1991},
	pages = {7022–7036},
	file = {Winkler_Absorption.pdf:C:\Users\Chris Mueller\AppData\Roaming\Zotero\Zotero\Profiles\sbk67lce.default\zotero\storage\7NXD2PPH\Winkler_Absorption.pdf:application/pdf}
},

@article{kleckner_high_2006,
	title = {High Finesse Opto-Mechanical Cavity with a Movable Thirty-Micron-Size Mirror},
	volume = {96},
	issn = {0031-9007, 1079-7114},
	url = {http://link.aps.org/doi/10.1103/PhysRevLett.96.173901},
	doi = {10.1103/PhysRevLett.96.173901},
	number = {17},
	urldate = {2013-11-20},
	journal = {Physical Review Letters},
	author = {Kleckner, Dustin and Marshall, William and de Dood, Michiel and Dinyari, Khodadad and Pors, Bart-Jan and Irvine, William and Bouwmeester, Dirk},
	month = may,
	year = {2006},
	file = {High_Finesse_OptoMechanical_Cavity.pdf:C:\Users\Chris Mueller\AppData\Roaming\Zotero\Zotero\Profiles\sbk67lce.default\zotero\storage\E8HP4GPD\High_Finesse_OptoMechanical_Cavity.pdf:application/pdf}
},

@article{grote_high_2007,
	title = {High power, low-noise, and multiply resonant photodetector for interferometric gravitational wave detectors},
	volume = {78},
	issn = {00346748},
	url = {http://link.aip.org/link/RSINAK/v78/i5/p054704/s1&Agg=doi},
	doi = {10.1063/1.2735559},
	number = {5},
	urldate = {2013-04-10},
	journal = {Review of Scientific Instruments},
	author = {Grote, H.},
	year = {2007},
	pages = {054704},
	file = {Grote-Photodetectors.pdf:C:\Users\Chris Mueller\AppData\Roaming\Zotero\Zotero\Profiles\sbk67lce.default\zotero\storage\GSGAK3V9\Grote-Photodetectors.pdf:application/pdf}
},

@article{siegman_how_1998,
	title = {How to (maybe) measure laser beam quality},
	volume = {17},
	url = {http://citeseerx.ist.psu.edu/viewdoc/download?doi=10.1.1.177.3400&rep=rep1&type=pdf},
	urldate = {2013-01-31},
	journal = {{DPSS} (Diode Pumped Solid State) Lasers: Applications and Issues, M. Dowley, ed},
	author = {Siegman, A. E. and Nemes, G. and Serna, J.},
	year = {1998},
	pages = {184–199},
	file = {Gaussian Beam Quality Tutorial.pdf:C:\Users\Chris Mueller\AppData\Roaming\Zotero\Zotero\Profiles\sbk67lce.default\zotero\storage\ZTZRM58T\Gaussian Beam Quality Tutorial.pdf:application/pdf}
},

@article{kogelnik_imaging_1965,
	title = {Imaging of Optical Modes -- Resonators with Internal Lenses},
	volume = {44},
	url = {https://archive.org/details/bstj44-3-455},
	number = {3},
	urldate = {2014-02-19},
	journal = {The Bell System Technical Journal},
	author = {Kogelnik, Herwig},
	month = mar,
	year = {1965},
	pages = {455--494},
	file = {kogelnik-Imaging_of_Optical_Modes.pdf:C:\Users\Chris Mueller\AppData\Roaming\Zotero\Zotero\Profiles\sbk67lce.default\zotero\storage\RSTDKFJM\kogelnik-Imaging_of_Optical_Modes.pdf:application/pdf}
},

@article{the_ligo_scientific_collaboration_and_virgo_collaboration_implementation_2012,
	title = {Implementation and testing of the first prompt search for gravitational wave transients with electromagnetic counterparts},
	volume = {539},
	issn = {0004-6361, 1432-0746},
	url = {http://www.aanda.org/10.1051/0004-6361/201118219},
	doi = {10.1051/0004-6361/201118219},
	urldate = {2014-03-07},
	journal = {Astronomy \& Astrophysics},
	author = {{The {LIGO} Scientific Collaboration and Virgo Collaboration} and Abadie, J. and Abbott, B. P. and Abbott, R. and Abbott, T. D. and Abernathy, M. and Accadia, T. and Acernese, F. and Adams, C. and Adhikari, R. and Affeldt, C. and Agathos, M. and Ajith, P. and Allen, B. and Allen, G. S. and Amador Ceron, E. and Amariutei, D. and Amin, R. S. and Anderson, S. B. and Anderson, W. G. and Arai, K. and Arain, M. A. and Araya, M. C. and Aston, S. M. and Astone, P. and Atkinson, D. and Aufmuth, P. and Aulbert, C. and Aylott, B. E. and Babak, S. and Baker, P. and Ballardin, G. and Ballmer, S. and Barker, D. and Barone, F. and Barr, B. and Barriga, P. and Barsotti, L. and Barsuglia, M. and Barton, M. A. and Bartos, I. and Bassiri, R. and Bastarrika, M. and Basti, A. and Batch, J. and Bauchrowitz, J. and Bauer, Th. S. and Bebronne, M. and Behnke, B. and Beker, M. G. and Bell, A. S. and Belletoile, A. and Belopolski, I. and Benacquista, M. and Berliner, J. M. and Bertolini, A. and Betzwieser, J. and Beveridge, N. and Beyersdorf, P. T. and Bilenko, I. A. and Billingsley, G. and Birch, J. and Biswas, R. and Bitossi, M. and Bizouard, M. A. and Black, E. and Blackburn, J. K. and Blackburn, L. and Blair, D. and Bland, B. and Blom, M. and Bock, O. and Bodiya, T. P. and Bogan, C. and Bondarescu, R. and Bondu, F. and Bonelli, L. and Bonnand, R. and Bork, R. and Born, M. and Boschi, V. and Bose, S. and Bosi, L. and Bouhou, B. and Braccini, S. and Bradaschia, C. and Brady, P. R. and Braginsky, V. B. and Branchesi, M. and Brau, J. E. and Breyer, J. and Briant, T. and Bridges, D. O. and Brillet, A. and Brinkmann, M. and Brisson, V. and Britzger, M. and Brooks, A. F. and Brown, D. A. and Brummit, A. and Bulik, T. and Bulten, H. J. and Buonanno, A. and {Burguet–Castell}, J. and Burmeister, O. and Buskulic, D. and Buy, C. and Byer, R. L. and Cadonati, L. and Cagnoli, G. and Calloni, E. and Camp, J. B. and Campsie, P. and Cannizzo, J. and Cannon, K. and Canuel, B. and Cao, J. and Capano, C. D. and Carbognani, F. and Caride, S. and Caudill, S. and Cavaglià, M. and Cavalier, F. and Cavalieri, R. and Cella, G. and Cepeda, C. and Cesarini, E. and Chaibi, O. and Chalermsongsak, T. and Chalkley, E. and Charlton, P. and Chassande-Mottin, E. and Chelkowski, S. and Chen, Y. and Chincarini, A. and Chiummo, A. and Cho, H. S. and Christensen, N. and Chua, S. S. Y. and Chung, C. T. Y. and Chung, S. and Ciani, G. and Clara, F. and Clark, D. E. and Clark, J. and Clayton, J. H. and Cleva, F. and Coccia, E. and Cohadon, P.-F. and Colacino, C. N. and Colas, J. and Colla, A. and Colombini, M. and Conte, A. and Conte, R. and Cook, D. and Corbitt, T. R. and Cordier, M. and Cornish, N. and Corsi, A. and Costa, C. A. and Coughlin, M. and Coulon, J.-P. and Couvares, P. and Coward, D. M. and Coyne, D. C. and Creighton, J. D. E. and Creighton, T. D. and Cruise, A. M. and Cumming, A. and Cunningham, L. and Cuoco, E. and Cutler, R. M. and Dahl, K. and Danilishin, S. L. and Dannenberg, R. and {D’Antonio}, S. and Danzmann, K. and Dattilo, V. and Daudert, B. and Daveloza, H. and Davier, M. and Davies, G. and Daw, E. J. and Day, R. and Dayanga, T. and De Rosa, R. and {DeBra}, D. and Debreczeni, G. and Degallaix, J. and Del Pozzo, W. and del Prete, M. and Dent, T. and Dergachev, V. and {DeRosa}, R. and {DeSalvo}, R. and Dhillon, V. and Dhurandhar, S. and Di Fiore, L. and Di Lieto, A. and Di Palma, I. and Di Paolo Emilio, M. and Di Virgilio, A. and Díaz, M. and Dietz, A. and {DiGuglielmo}, J. and Donovan, F. and Dooley, K. L. and Dorsher, S. and Drago, M. and Drever, R. W. P. and Driggers, J. C. and Du, Z. and Dumas, J.-C. and Dwyer, S. and Eberle, T. and Edgar, M. and Edwards, M. and Effler, A. and Ehrens, P. and Endrőczi, G. and Engel, R. and Etzel, T. and Evans, K. and Evans, M. and Evans, T. and Factourovich, M. and Fafone, V. and Fairhurst, S. and Fan, Y. and Farr, B. F. and Farr, W. and Fazi, D. and Fehrmann, H. and Feldbaum, D. and Ferrante, I. and Fidecaro, F. and Finn, L. S. and Fiori, I. and Fisher, R. P. and Flaminio, R. and Flanigan, M. and Foley, S. and Forsi, E. and Forte, L. A. and Fotopoulos, N. and Fournier, J.-D. and Franc, J. and Frasca, S. and Frasconi, F. and Frede, M. and Frei, M. and Frei, Z. and Freise, A. and Frey, R. and Fricke, T. T. and Fridriksson, J. K. and Friedrich, D. and Fritschel, P. and Frolov, V. V. and Fulda, P. J. and Fyffe, M. and Galimberti, M. and Gammaitoni, L. and Ganija, M. R. and Garcia, J. and Garofoli, J. A. and Garufi, F. and Gáspár, M. E. and Gemme, G. and Geng, R. and Genin, E. and Gennai, A. and Gergely, L. á. and Ghosh, S. and Giaime, J. A. and Giampanis, S. and Giardina, K. D. and Giazotto, A. and Gill, C. and Goetz, E. and Goggin, L. M. and González, G. and Gorodetsky, M. L. and Goßler, S. and Gouaty, R. and Graef, C. and Granata, M. and Grant, A. and Gras, S. and Gray, C. and Gray, N. and Greenhalgh, R. J. S. and Gretarsson, A. M. and Greverie, C. and Grosso, R. and Grote, H. and Grunewald, S. and Guidi, G. M. and Guido, C. and Gupta, R. and Gustafson, E. K. and Gustafson, R. and Ha, T. and Hage, B. and Hallam, J. M. and Hammer, D. and Hammond, G. and Hanks, J. and Hanna, C. and Hanson, J. and Harms, J. and Harry, G. M. and Harry, I. W. and Harstad, E. D. and Hartman, M. T. and Haughian, K. and Hayama, K. and Hayau, J.-F. and Heefner, J. and Heidmann, A. and Heintze, M. C. and Heitmann, H. and Hello, P. and Hendry, M. A. and Heng, I. S. and Heptonstall, A. W. and Herrera, V. and Hewitson, M. and Hild, S. and Hoak, D. and Hodge, K. A. and Holt, K. and Homan, J. and Hong, T. and Hooper, S. and Hosken, D. J. and Hough, J. and Howell, E. J. and Hughey, B. and Husa, S. and Huttner, S. H. and Huynh-Dinh, T. and Ingram, D. R. and Inta, R. and Isogai, T. and Ivanov, A. and Izumi, K. and Jacobson, M. and Jang, H. and Jaranowski, P. and Johnson, W. W. and Jones, D. I. and Jones, G. and Jones, R. and Ju, L. and Kalmus, P. and Kalogera, V. and Kamaretsos, I. and Kandhasamy, S. and Kang, G. and Kanner, J. B. and Katsavounidis, E. and Katzman, W. and Kaufer, H. and Kawabe, K. and Kawamura, S. and Kawazoe, F. and Kells, W. and Keppel, D. G. and Keresztes, Z. and Khalaidovski, A. and Khalili, F. Y. and Khazanov, E. A. and Kim, B. K. and Kim, C. and Kim, D. and Kim, H. and Kim, K. and Kim, N. and Kim, Y. M. and King, P. J. and Kinsey, M. and Kinzel, D. L. and Kissel, J. S. and Klimenko, S. and Kokeyama, K. and Kondrashov, V. and Kopparapu, R. and Koranda, S. and Korth, W. Z. and Kowalska, I. and Kozak, D. and Kringel, V. and Krishnamurthy, S. and Krishnan, B. and Królak, A. and Kuehn, G. and Kumar, R. and Kwee, P. and Laas-Bourez, M. and Lam, P. K. and Landry, M. and Lang, M. and Lantz, B. and Lastzka, N. and Lawrie, C. and Lazzarini, A. and Leaci, P. and Lee, C. H. and Lee, H. M. and Leindecker, N. and Leong, J. R. and Leonor, I. and Leroy, N. and Letendre, N. and Li, J. and Li, T. G. F. and Liguori, N. and Lindquist, P. E. and Lockerbie, N. A. and Lodhia, D. and Lorenzini, M. and Loriette, V. and Lormand, M. and Losurdo, G. and Luan, J. and Lubinski, M. and Lück, H. and Lundgren, A. P. and Macdonald, E. and Machenschalk, B. and {MacInnis}, M. and Macleod, D. M. and Mageswaran, M. and Mailand, K. and Majorana, E. and Maksimovic, I. and Man, N. and Mandel, I. and Mandic, V. and Mantovani, M. and Marandi, A. and Marchesoni, F. and Marion, F. and Márka, S. and Márka, Z. and Markosyan, A. and Maros, E. and Marque, J. and Martelli, F. and Martin, I. W. and Martin, R. M. and Marx, J. N. and Mason, K. and Masserot, A. and Matichard, F. and Matone, L. and Matzner, R. A. and Mavalvala, N. and Mazzolo, G. and {McCarthy}, R. and {McClelland}, D. E. and {McDaniel}, P. and {McGuire}, S. C. and {McIntyre}, G. and {McIver}, J. and {McKechan}, D. J. A. and Meadors, G. D. and Mehmet, M. and Meier, T. and Melatos, A. and Melissinos, A. C. and Mendell, G. and Menendez, D. and Mercer, R. A. and Meshkov, S. and Messenger, C. and Meyer, M. S. and Miao, H. and Michel, C. and Milano, L. and Miller, J. and Minenkov, Y. and Mitrofanov, V. P. and Mitselmakher, G. and Mittleman, R. and Miyakawa, O. and Moe, B. and Moesta, P. and Mohan, M. and Mohanty, S. D. and Mohapatra, S. R. P. and Moraru, D. and Moreno, G. and Morgado, N. and Morgia, A. and Mori, T. and Mosca, S. and Mossavi, K. and Mours, B. and {Mow–Lowry}, C. M. and Mueller, C. L. and Mueller, G. and Mukherjee, S. and Mullavey, A. and Müller-Ebhardt, H. and Munch, J. and Murphy, D. and Murray, P. G. and Mytidis, A. and Nash, T. and Naticchioni, L. and Nawrodt, R. and Necula, V. and Nelson, J. and Neri, I. and Newton, G. and Nishizawa, A. and Nocera, F. and Nolting, D. and Nuttall, L. and Ochsner, E. and {O’Dell}, J. and Oelker, E. and Ogin, G. H. and Oh, J. J. and Oh, S. H. and Oldenburg, R. G. and {O’Reilly}, B. and {O’Shaughnessy}, R. and Osthelder, C. and Ott, C. D. and Ottaway, D. J. and Ottens, R. S. and Overmier, H. and Owen, B. J. and Page, A. and Pagliaroli, G. and Palladino, L. and Palomba, C. and Pan, Y. and Pankow, C. and Paoletti, F. and Papa, M. A. and Parisi, M. and Pasqualetti, A. and Passaquieti, R. and Passuello, D. and Patel, P. and Pedraza, M. and Peiris, P. and Pekowsky, L. and Penn, S. and Peralta, C. and Perreca, A. and Persichetti, G. and Phelps, M. and Pichot, M. and Pickenpack, M. and Piergiovanni, F. and Pietka, M. and Pinard, L. and Pinto, I. M. and Pitkin, M. and Pletsch, H. J. and Plissi, M. V. and Poggiani, R. and Pöld, J. and Postiglione, F. and Prato, M. and Predoi, V. and Price, L. R. and Prijatelj, M. and Principe, M. and Privitera, S. and Prix, R. and Prodi, G. A. and Prokhorov, L. G. and Puncken, O. and Punturo, M. and Puppo, P. and Quetschke, V. and Raab, F. J. and Rabeling, D. S. and Rácz, I. and Radkins, H. and Raffai, P. and Rakhmanov, M. and Ramet, C. R. and Rankins, B. and Rapagnani, P. and Rapoport, S. and Raymond, V. and Re, V. and Redwine, K. and Reed, C. M. and Reed, T. and Regimbau, T. and Reid, S. and Reitze, D. H. and Ricci, F. and Riesen, R. and Riles, K. and Robertson, N. A. and Robinet, F. and Robinson, C. and Robinson, E. L. and Rocchi, A. and Roddy, S. and Rodriguez, C. and Rodruck, M. and Rolland, L. and Rollins, J. and Romano, J. D. and Romano, R. and Romie, J. H. and Rosińska, D. and Röver, C. and Rowan, S. and Rüdiger, A. and Ruggi, P. and Ryan, K. and Ryll, H. and Sainathan, P. and Sakosky, M. and Salemi, F. and Samblowski, A. and Sammut, L. and Sancho de la Jordana, L. and Sandberg, V. and Sankar, S. and Sannibale, V. and Santamaría, L. and Santiago-Prieto, I. and Santostasi, G. and Sassolas, B. and Sathyaprakash, B. S. and Sato, S. and Saulson, P. R. and Savage, R. L. and Schilling, R. and Schlamminger, S. and Schnabel, R. and Schofield, R. M. S. and Schulz, B. and Schutz, B. F. and Schwinberg, P. and Scott, J. and Scott, S. M. and Searle, A. C. and Seifert, F. and Sellers, D. and Sengupta, A. S. and Sentenac, D. and Sergeev, A. and Shaddock, D. A. and Shaltev, M. and Shapiro, B. and Shawhan, P. and Shoemaker, D. H. and Sibley, A. and Siemens, X. and Sigg, D. and Singer, A. and Singer, L. and Sintes, A. M. and Skelton, G. R. and Slagmolen, B. J. J. and Slutsky, J. and Smith, J. R. and Smith, M. R. and Smith, N. D. and Smith, R. J. E. and Somiya, K. and Sorazu, B. and Soto, J. and Speirits, F. C. and Sperandio, L. and Stefszky, M. and Stein, A. J. and Steinert, E. and Steinlechner, J. and Steinlechner, S. and Steplewski, S. and Stochino, A. and Stone, R. and Strain, K. A. and Strigin, S. E. and Stroeer, A. S. and Sturani, R. and Stuver, A. L. and Summerscales, T. Z. and Sung, M. and Susmithan, S. and Sutton, P. J. and Swinkels, B. and Tacca, M. and Taffarello, L. and Talukder, D. and Tanner, D. B. and Tarabrin, S. P. and Taylor, J. R. and Taylor, R. and Thomas, P. and Thorne, K. A. and Thorne, K. S. and Thrane, E. and Thüring, A. and Titsler, C. and Tokmakov, K. V. and Toncelli, A. and Tonelli, M. and Torre, O. and Torres, C. and Torrie, C. I. and Tournefier, E. and Travasso, F. and Traylor, G. and Trias, M. and Tseng, K. and Ugolini, D. and Urbanek, K. and Vahlbruch, H. and Vajente, G. and Vallisneri, M. and van den Brand, J. F. J. and Van Den Broeck, C. and van der Putten, S. and van Veggel, A. A. and Vass, S. and Vasuth, M. and Vaulin, R. and Vavoulidis, M. and Vecchio, A. and Vedovato, G. and Veitch, J. and Veitch, P. J. and Veltkamp, C. and Verkindt, D. and Vetrano, F. and Viceré, A. and Villar, A. E. and Vinet, J.-Y. and Vitale, S. and Vitale, S. and Vocca, H. and Vorvick, C. and Vyatchanin, S. P. and Wade, A. and Waldman, S. J. and Wallace, L. and Wan, Y. and Wang, X. and Wang, Z. and Wanner, A. and Ward, R. L. and Was, M. and Wei, P. and Weinert, M. and Weinstein, A. J. and Weiss, R. and Wen, L. and Wen, S. and Wessels, P. and West, M. and Westphal, T. and Wette, K. and Whelan, J. T. and Whitcomb, S. E. and White, D. J. and Whiting, B. F. and Wilkinson, C. and Willems, P. A. and Williams, H. R. and Williams, L. and Willke, B. and Winkelmann, L. and Winkler, W. and Wipf, C. C. and Wiseman, A. G. and Wittel, H. and Woan, G. and Wooley, R. and Worden, J. and Yablon, J. and Yakushin, I. and Yamamoto, H. and Yamamoto, K. and Yang, H. and Yeaton-Massey, D. and Yoshida, S. and Yu, P. and Yvert, M. and Zadrożny, A. and Zanolin, M. and Zendri, J.-P. and Zhang, F. and Zhang, L. and Zhang, W. and Zhang, Z. and Zhao, C. and Zotov, N. and Zucker, M. E. and Zweizig, J. and Akerlof, C. and Boer, M. and Fender, R. and Gehrels, N. and Klotz, A. and Ofek, E. O. and Smith, M. and Sokolowski, M. and Stappers, B. W. and Steele, I. and Swinbank, J. and Wijers, R. A. M. J. and Zheng, W.},
	month = mar,
	year = {2012},
	pages = {A124},
	file = {aa18219-11.pdf:C:\Users\Chris Mueller\AppData\Roaming\Zotero\Zotero\Profiles\sbk67lce.default\zotero\storage\F5II5N9W\aa18219-11.pdf:application/pdf}
},

@article{gori_intensity-based_1998,
	title = {Intensity-based modal analysis of partially coherent beams with {Hermite—Gaussian} modes},
	volume = {23},
	url = {http://www.opticsinfobase.org/abstract.cfm?&id=36829},
	number = {13},
	urldate = {2013-11-19},
	journal = {Optics letters},
	author = {Gori, Franco and Santarsiero, M. and Borghi, Riccardo and Guattari, Giorgio},
	year = {1998},
	pages = {989–991},
	file = {Intensity_Based_Modal_Analysis.pdf:C:\Users\Chris Mueller\AppData\Roaming\Zotero\Zotero\Profiles\sbk67lce.default\zotero\storage\JJC8S8U8\Intensity_Based_Modal_Analysis.pdf:application/pdf}
},

@article{xue_intensity-based_2000,
	title = {Intensity-based modal decomposition of optical beams in terms of {Hermite–Gaussian} functions},
	volume = {17},
	url = {http://www.opticsinfobase.org/abstract.cfm?&id=104},
	number = {6},
	urldate = {2013-11-19},
	journal = {{JOSA} A},
	author = {Xue, Xin and Wei, Haiqing and Kirk, Andrew G.},
	year = {2000},
	pages = {1086–1091},
	file = {Intensity_Based_Modal_Decomposition.pdf:C:\Users\Chris Mueller\AppData\Roaming\Zotero\Zotero\Profiles\sbk67lce.default\zotero\storage\3X5BCR4A\Intensity_Based_Modal_Decomposition.pdf:application/pdf}
},

@article{adhikari_interferometer_????,
	title = {Interferometer Sensing and Control Design Requirements},
	url = {http://arcturus.ligo.caltech.edu/docs/public/T/T070236-00.pdf},
	urldate = {2013-03-06},
	author = {Adhikari, R. and Ballmer, S. and Fritschel, P.},
	file = {ISC_Design_Requirements.pdf:C:\Users\Chris Mueller\AppData\Roaming\Zotero\Zotero\Profiles\sbk67lce.default\zotero\storage\HR7ARSRZ\ISC_Design_Requirements.pdf:application/pdf}
},

@article{levin_internal_1998,
	title = {Internal thermal noise in the {LIGO} test masses: A direct approach},
	volume = {57},
	shorttitle = {Internal thermal noise in the {LIGO} test masses},
	url = {http://prd.aps.org/abstract/PRD/v57/i2/p659_1},
	number = {2},
	urldate = {2013-01-31},
	journal = {Physical Review D},
	author = {Levin, Y.},
	year = {1998},
	pages = {659},
	file = {Levin_Thermal_Noise_in_LIGO_TMs.pdf:C:\Users\Chris Mueller\AppData\Roaming\Zotero\Zotero\Profiles\sbk67lce.default\zotero\storage\VSADNQUD\Levin_Thermal_Noise_in_LIGO_TMs.pdf:application/pdf}
},

@misc{macedo_into_????,
	title = {Into the Liar: Gravitational-Wave Signatures of Dark Matter},
	abstract = {The nature and properties of dark matter are both outstanding issues in physics.  The universal
character of gravity implies that self-gravitating compact conﬁgurations of dark matter are not only
possible, but likely to be spread throughout the universe. The astrophysical signature of these objects
may be used to probe fundamental particle physics, or even to provide an alternative description
of compact objects in active galactic nuclei.  Here we discuss the most promising dissection tool of
these conﬁgurations:  the inspiral of a compact stellar-size object and consequent gravitational-wave
emission. The inward motion of this “test probe” encodes unique information about the nature of the
central, supermassive dark matter conﬁguration. When the probe travels through some compact dark
matter proﬁle we show that, within a Newtonian approximation, the quasi-adiabatic evolution of the
inspiral is mainly driven by dark matter accretion into the small compact object and by dynamical
friction, rather than by gravitational-wave radiation-reaction. These eﬀects circularize the orbits and
leave a peculiar imprint on the gravitational waves emitted at late time. When accretion dominates,
the frequency and the amplitude of the gravitational-wave signal produced during the latest stages of
the inspiral are nearly constant. In the exterior region we study a model in which the inspiral is driven
by the emission of gravitational and scalar waves, which we describe completely at a relativistic level.
Resonances in the energy ﬂux appear whenever the orbital frequency matches the eﬀective mass of
the dark matter particle and they correspond to the excitation of the central object’s quasinormal
frequencies.  Unexpectedly, these resonances can lead to large dephasing with respect to standard
inspiral templates, to such an extent as to prevent detection with matched ﬁltering techniques.  We
discuss some observational consequences of these eﬀects for gravitational-wave detection.},
	author = {Macedo, Caio},
	file = {1302.2646v1.pdf:C:\Users\Chris Mueller\AppData\Roaming\Zotero\Zotero\Profiles\sbk67lce.default\zotero\storage\WD4HRZP5\1302.2646v1.pdf:application/pdf}
},

@article{clerk_introduction_2010,
	title = {Introduction to quantum noise, measurement, and amplification},
	volume = {82},
	url = {http://rmp.aps.org/abstract/RMP/v82/i2/p1155_1},
	abstract = {The topic of quantum noise has become extremely timely due to the rise of quantum information
physics and the resulting interchange of ideas between the condensed matter and atomic, molecular,
optical–quantum optics communities. This review gives a pedagogical introduction to the physics of
quantum  noise  and  its  connections  to  quantum  measurement  and  quantum  ampliﬁcation.  After
introducing quantum noise spectra and methods for their detection, the basics of weak continuous
measurements are described. Particular attention is given to the treatment of the standard quantum
limit on linear ampliﬁers and position detectors within a general linear-response framework. This
approach is shown how it relates to the standard Haus-Caves quantum limit for a bosonic ampliﬁer
known in quantum optics and its application to the case of electrical circuits is illustrated, including
mesoscopic detectors and resonant cavity detectors.},
	number = {2},
	urldate = {2013-02-15},
	journal = {Reviews of Modern Physics},
	author = {Clerk, A. A. and Devoret, M. H. and Girvin, S. M. and Marquardt, Florian and Schoelkopf, R. J.},
	year = {2010},
	pages = {1155},
	file = {Quantum_Measurement.pdf:C:\Users\Chris Mueller\AppData\Roaming\Zotero\Zotero\Profiles\sbk67lce.default\zotero\storage\2TCT3UVQ\Quantum_Measurement.pdf:application/pdf}
},

@article{callen_irreversibility_1951,
	title = {Irreversibility and generalized noise},
	volume = {83},
	url = {http://lptms.u-psud.fr/membres/trizac/Ens/M2MQPL/CallenWelton.pdf},
	number = {1},
	urldate = {2013-01-31},
	journal = {Physical Review},
	author = {Callen, H. B. and Welton, T. A.},
	year = {1951},
	pages = {34–40},
	file = {Callen_Welton_Irreversibility_and_Generalized_Noise.pdf:C:\Users\Chris Mueller\AppData\Roaming\Zotero\Zotero\Profiles\sbk67lce.default\zotero\storage\MGQ8GA2W\Callen_Welton_Irreversibility_and_Generalized_Noise.pdf:application/pdf}
},

@article{kogelnik_laser_1966,
	title = {Laser beams and resonators},
	volume = {54},
	url = {http://ieeexplore.ieee.org/xpls/abs_all.jsp?arnumber=1447049},
	number = {10},
	urldate = {2013-01-31},
	journal = {Proceedings of the {IEEE}},
	author = {Kogelnik, H. and Li, T.},
	year = {1966},
	pages = {1312–1329},
	file = {Kogelnik- Laser Beams and Resonators.pdf:C:\Users\Chris Mueller\AppData\Roaming\Zotero\Zotero\Profiles\sbk67lce.default\zotero\storage\BZJBR725\Kogelnik- Laser Beams and Resonators.pdf:application/pdf}
},

@article{drever_laser_1983,
	title = {Laser phase and frequency stabilization using an optical resonator},
	volume = {31},
	url = {http://link.springer.com/article/10.1007/BF00702605},
	number = {2},
	urldate = {2013-07-27},
	journal = {Applied Physics B},
	author = {Drever, R. W. P. and Hall, John L. and Kowalski, F. V. and Hough, J. and Ford, G. M. and Munley, A. J. and Ward, H.},
	year = {1983},
	pages = {97–105},
	file = {Drever_Hall.pdf:C:\Users\Chris Mueller\AppData\Roaming\Zotero\Zotero\Profiles\sbk67lce.default\zotero\storage\C2QDG27S\Drever_Hall.pdf:application/pdf}
},

@phdthesis{ward_length_2010,
	title = {Length Sensing and Control of a Prototype Advanced Interferometric Gravitational Wave Interferometer},
	abstract = {There is a worldwide eﬀort to directly detect gravitational radiation.   The Laser Interferometer
Gravitational Wave Observatory ({LIGO)} operates three kilometer-scale interferometric gravitational
wave detectors at two sites: two in Hanford, {WA} and one in Livingston, {LA.} A signiﬁcant upgrade,
called Advanced {LIGO}, is planned for these detectors.  The core work of this thesis involves using
a 40 m prototype interferometer on the Caltech campus to study length and sensing and control
techniques for Advanced {LIGO.} The principal results are the development of a lock acquisition
protocol for an advanced detector and a comparison of noise couplings between two gravitational
wave signal extraction techniques, called {RF} and {DC} readout.
In addition,  a search in {LIGO} data was carried out for broadband,  long-duration stochastic
gravitational waves emitted from point sources. The results of this search are presented.},
	school = {California Institute of Technology},
	author = {Ward, Robert},
	month = feb,
	year = {2010},
	file = {Robert_Ward.pdf:C:\Users\Chris Mueller\AppData\Roaming\Zotero\Zotero\Profiles\sbk67lce.default\zotero\storage\TGETSN3M\Robert_Ward.pdf:application/pdf}
},

@article{collins_lens-system_1970,
	title = {Lens-system diffraction integral written in terms of matrix optics},
	volume = {60},
	url = {http://www.opticsinfobase.org/abstract.cfm?uri=josa-60-9-1168},
	number = {9},
	urldate = {2014-02-20},
	journal = {{JOSA}},
	author = {Collins, Jr and Stuart, A.},
	year = {1970},
	pages = {1168–1177},
	file = {Lens_System_Diffraction_Integral_Written_in_Matrix_Optics.pdf:C:\Users\Chris Mueller\AppData\Roaming\Zotero\Zotero\Profiles\sbk67lce.default\zotero\storage\ZMD9GFS2\Lens_System_Diffraction_Integral_Written_in_Matrix_Optics.pdf:application/pdf}
},

@phdthesis{ballmer_ligo_2006,
	title = {{LIGO} interferometer operating at design sensitivity with application to gravitational radiometry},
	url = {http://18.7.29.232/handle/1721.1/36396},
	urldate = {2013-04-08},
	school = {Massachusetts Institute of Technology},
	author = {Ballmer, Stefan Werner},
	year = {2006},
	file = {Ballmer_Thesis.pdf:C:\Users\Chris Mueller\AppData\Roaming\Zotero\Zotero\Profiles\sbk67lce.default\zotero\storage\9ICUAJ3E\Ballmer_Thesis.pdf:application/pdf;Stefan_Ballmer.pdf:C:\Users\Chris Mueller\AppData\Roaming\Zotero\Zotero\Profiles\sbk67lce.default\zotero\storage\H6NPKCH7\Stefan_Ballmer.pdf:application/pdf;Stefan_Ballmer_Thesis.pdf:C:\Users\Chris Mueller\AppData\Roaming\Zotero\Zotero\Profiles\sbk67lce.default\zotero\storage\CVMFETTZ\Stefan_Ballmer_Thesis.pdf:application/pdf}
},

@article{abbott_ligo:_2009,
	title = {{LIGO:} the Laser Interferometer Gravitational-Wave Observatory},
	volume = {72},
	issn = {0034-4885, 1361-6633},
	shorttitle = {{LIGO}},
	url = {http://stacks.iop.org/0034-4885/72/i=7/a=076901?key=crossref.669f7c34d7d28503fd7f84b53db6048f},
	doi = {10.1088/0034-4885/72/7/076901},
	number = {7},
	urldate = {2013-04-07},
	journal = {Reports on Progress in Physics},
	author = {Abbott, B P and Abbott, R and Adhikari, R and Ajith, P and Allen, B and Allen, G and Amin, R S and Anderson, S B and Anderson, W G and Arain, M A and Araya, M and Armandula, H and Armor, P and Aso, Y and Aston, S and Aufmuth, P and Aulbert, C and Babak, S and Baker, P and Ballmer, S and Barker, C and Barker, D and Barr, B and Barriga, P and Barsotti, L and Barton, M A and Bartos, I and Bassiri, R and Bastarrika, M and Behnke, B and Benacquista, M and Betzwieser, J and Beyersdorf, P T and Bilenko, I A and Billingsley, G and Biswas, R and Black, E and Blackburn, J K and Blackburn, L and Blair, D and Bland, B and Bodiya, T P and Bogue, L and Bork, R and Boschi, V and Bose, S and Brady, P R and Braginsky, V B and Brau, J E and Bridges, D O and Brinkmann, M and Brooks, A F and Brown, D A and Brummit, A and Brunet, G and Bullington, A and Buonanno, A and Burmeister, O and Byer, R L and Cadonati, L and Camp, J B and Cannizzo, J and Cannon, K C and Cao, J and Cardenas, L and Caride, S and Castaldi, G and Caudill, S and Cavaglià, M and Cepeda, C and Chalermsongsak, T and Chalkley, E and Charlton, P and Chatterji, S and Chelkowski, S and Chen, Y and Christensen, N and Chung, C T Y and Clark, D and Clark, J and Clayton, J H and Cokelaer, T and Colacino, C N and Conte, R and Cook, D and Corbitt, T R C and Cornish, N and Coward, D and Coyne, D C and Creighton, J D E and Creighton, T D and Cruise, A M and Culter, R M and Cumming, A and Cunningham, L and Danilishin, S L and Danzmann, K and Daudert, B and Davies, G and Daw, E J and {DeBra}, D and Degallaix, J and Dergachev, V and Desai, S and {DeSalvo}, R and Dhurandhar, S and Díaz, M and Dietz, A and Donovan, F and Dooley, K L and Doomes, E E and Drever, R W P and Dueck, J and Duke, I and Dumas, J-C and Dwyer, J G and Echols, C and Edgar, M and Effler, A and Ehrens, P and Espinoza, E and Etzel, T and Evans, M and Evans, T and Fairhurst, S and Faltas, Y and Fan, Y and Fazi, D and Fehrmenn, H and Finn, L S and Flasch, K and Foley, S and Forrest, C and Fotopoulos, N and Franzen, A and Frede, M and Frei, M and Frei, Z and Freise, A and Frey, R and Fricke, T and Fritschel, P and Frolov, V V and Fyffe, M and Galdi, V and Garofoli, J A and Gholami, I and Giaime, J A and Giampanis, S and Giardina, K D and Goda, K and Goetz, E and Goggin, L M and González, G and Gorodetsky, M L and Goßler, S and Gouaty, R and Grant, A and Gras, S and Gray, C and Gray, M and Greenhalgh, R J S and Gretarsson, A M and Grimaldi, F and Grosso, R and Grote, H and Grunewald, S and Guenther, M and Gustafson, E K and Gustafson, R and Hage, B and Hallam, J M and Hammer, D and Hammond, G D and Hanna, C and Hanson, J and Harms, J and Harry, G M and Harry, I W and Harstad, E D and Haughian, K and Hayama, K and Heefner, J and Heng, I S and Heptonstall, A and Hewitson, M and Hild, S and Hirose, E and Hoak, D and Hodge, K A and Holt, K and Hosken, D J and Hough, J and Hoyland, D and Hughey, B and Huttner, S H and Ingram, D R and Isogai, T and Ito, M and Ivanov, A and Johnson, B and Johnson, W W and Jones, D I and Jones, G and Jones, R and Ju, L and Kalmus, P and Kalogera, V and Kandhasamy, S and Kanner, J and Kasprzyk, D and Katsavounidis, E and Kawabe, K and Kawamura, S and Kawazoe, F and Kells, W and Keppel, D G and Khalaidovski, A and Khalili, F Y and Khan, R and Khazanov, E and King, P and Kissel, J S and Klimenko, S and Kokeyama, K and Kondrashov, V and Kopparapu, R and Koranda, S and Kozak, D and Krishnan, B and Kumar, R and Kwee, P and Lam, P K and Landry, M and Lantz, B and Lazzarini, A and Lei, H and Lei, M and Leindecker, N and Leonor, I and Li, C and Lin, H and Lindquist, P E and Littenberg, T B and Lockerbie, N A and Lodhia, D and Longo, M and Lormand, M and Lu, P and Lubinski, M and Lucianetti, A and Lück, H and Machenschalk, B and {MacInnis}, M and Mageswaran, M and Mailand, K and Mandel, I and Mandic, V and Márka, S and Márka, Z and Markosyan, A and Markowitz, J and Maros, E and Martin, I W and Martin, R M and Marx, J N and Mason, K and Matichard, F and Matone, L and Matzner, R A and Mavalvala, N and {McCarthy}, R and {McClelland}, D E and {McGuire}, S C and {McHugh}, M and {McIntyre}, G and {McKechan}, D J A and {McKenzie}, K and Mehmet, M and Melatos, A and Melissinos, A C and Menéndez, D F and Mendell, G and Mercer, R A and Meshkov, S and Messenger, C and Meyer, M S and Miller, J and Minelli, J and Mino, Y and Mitrofanov, V P and Mitselmakher, G and Mittleman, R and Miyakawa, O and Moe, B and Mohanty, S D and Mohapatra, S R P and Moreno, G and Morioka, T and Mors, K and Mossavi, K and {MowLowry}, C and Mueller, G and Müller-Ebhardt, H and Muhammad, D and Mukherjee, S and Mukhopadhyay, H and Mullavey, A and Munch, J and Murray, P G and Myers, E and Myers, J and Nash, T and Nelson, J and Newton, G and Nishizawa, A and Numata, K and {O'Dell}, J and {O'Reilly}, B and {O'Shaughnessy}, R and Ochsner, E and Ogin, G H and Ottaway, D J and Ottens, R S and Overmier, H and Owen, B J and Pan, Y and Pankow, C and Papa, M A and Parameshwaraiah, V and Patel, P and Pedraza, M and Penn, S and Perraca, A and Pierro, V and Pinto, I M and Pitkin, M and Pletsch, H J and Plissi, M V and Postiglione, F and Principe, M and Prix, R and Prokhorov, L and Punken, O and Quetschke, V and Raab, F J and Rabeling, D S and Radkins, H and Raffai, P and Raics, Z and Rainer, N and Rakhmanov, M and Raymond, V and Reed, C M and Reed, T and Rehbein, H and Reid, S and Reitze, D H and Riesen, R and Riles, K and Rivera, B and Roberts, P and Robertson, N A and Robinson, C and Robinson, E L and Roddy, S and Röver, C and Rollins, J and Romano, J D and Romie, J H and Rowan, S and Rüdiger, A and Russell, P and Ryan, K and Sakata, S and de la Jordana, L Sancho and Sandberg, V and Sannibale, V and Santamaría, L and Saraf, S and Sarin, P and Sathyaprakash, B S and Sato, S and Satterthwaite, M and Saulson, P R and Savage, R and Savov, P and Scanlan, M and Schilling, R and Schnabel, R and Schofield, R and Schulz, B and Schutz, B F and Schwinberg, P and Scott, J and Scott, S M and Searle, A C and Sears, B and Seifert, F and Sellers, D and Sengupta, A S and Sergeev, A and Shapiro, B and Shawhan, P and Shoemaker, D H and Sibley, A and Siemens, X and Sigg, D and Sinha, S and Sintes, A M and Slagmolen, B J J and Slutsky, J and Smith, J R and Smith, M R and Smith, N D and Somiya, K and Sorazu, B and Stein, A and Stein, L C and Steplewski, S and Stochino, A and Stone, R and Strain, K A and Strigin, S and Stroeer, A and Stuver, A L and Summerscales, T Z and Sun, K-X and Sung, M and Sutton, P J and Szokoly, G P and Talukder, D and Tang, L and Tanner, D B and Tarabrin, S P and Taylor, J R and Taylor, R and Thacker, J and Thorne, K A and Thüring, A and Tokmakov, K V and Torres, C and Torrie, C and Traylor, G and Trias, M and Ugolini, D and Ulmen, J and Urbanek, K and Vahlbruch, H and Vallisneri, M and Broeck, C Van Den and van der Sluys, M V and van Veggel, A A and Vass, S and Vaulin, R and Vecchio, A and Veitch, J and Veitch, P and Veltkamp, C and Villar, A and Vorvick, C and Vyachanin, S P and Waldman, S J and Wallace, L and Ward, R L and Weidner, A and Weinert, M and Weinstein, A J and Weiss, R and Wen, L and Wen, S and Wette, K and Whelan, J T and Whitcomb, S E and Whiting, B F and Wilkinson, C and Willems, P A and Williams, H R and Williams, L and Willke, B and Wilmut, I and Winkelmann, L and Winkler, W and Wipf, C C and Wiseman, A G and Woan, G and Wooley, R and Worden, J and Wu, W and Yakushin, I and Yamamoto, H and Yan, Z and Yoshida, S and Zanolin, M and Zhang, J and Zhang, L and Zhao, C and Zotov, N and Zucker, M E and Mühlen, H zur and Zweizig, J},
	month = jul,
	year = {2009},
	pages = {076901},
	file = {LIGO_Progress_in_Physics.pdf:C:\Users\Chris Mueller\AppData\Roaming\Zotero\Zotero\Profiles\sbk67lce.default\zotero\storage\TVMUSTEP\LIGO_Progress_in_Physics.pdf:application/pdf}
},

@phdthesis{evans_lock_????,
	title = {Lock Acquisition in Resonant Optical Interferometers},
	author = {Evans, Matt},
	file = {Matt_Evans.pdf:C:\Users\Chris Mueller\AppData\Roaming\Zotero\Zotero\Profiles\sbk67lce.default\zotero\storage\I4BSH95R\Matt_Evans.pdf:application/pdf}
},

@misc{chen_macroscopic_????,
	title = {Macroscopic Quantum Mechanics:  Theory and Experimental Concepts of Optomechanics},
	abstract = {Rapid experimental progress has recently allowed the use of light to
prepare macroscopic mechanical objects into nearly pure quantum states.  This
research ﬁeld of quantum optomechanics opens new doors toward testing quantum
mechanics,  and  possibly  other  laws  of  physics,  in  new  regimes.    In  the  ﬁrst
part  of  this  paper,  I  will  review  a  set  of  techniques  of  quantum  measurement
theory that are often used to analyze quantum optomechanical systems. Some of
these techniques were originally designed to analyze how a classical driving force
passes through a quantum system, and can eventually be detected with optimal
signal-to-noise ratio — while others focus more on the quantum state evolution
of a mechanical object under continuous monitoring.  In the second part of this
paper, I will review a set of experimental concepts that will demonstrate quantum
mechanical behavior of macroscopic objects — quantum entanglement, quantum
teleportation, and the quantum Zeno eﬀect. Taking the interplay between gravity
and quantum mechanics as an example,  I will review a set of speculations on
how quantum mechanics can be modiﬁed for macroscopic objects, and how these
speculations — and their generalizations — might be tested by optomechanics.},
	author = {Chen, Yanbei},
	file = {1302.1924v1.pdf:C:\Users\Chris Mueller\AppData\Roaming\Zotero\Zotero\Profiles\sbk67lce.default\zotero\storage\MNFVVAF5\1302.1924v1.pdf:application/pdf}
},

@article{shaomin_matrix_1985,
	title = {Matrix methods in treating decentred optical systems},
	volume = {17},
	url = {http://link.springer.com/article/10.1007/BF00619988},
	number = {1},
	urldate = {2013-10-07},
	journal = {Optical and quantum electronics},
	author = {Shaomin, Wang},
	year = {1985},
	pages = {1–14},
	file = {Matrix_Methods_Decenterd_Optical_Systems.pdf:C:\Users\Chris Mueller\AppData\Roaming\Zotero\Zotero\Profiles\sbk67lce.default\zotero\storage\JS4HBI28\Matrix_Methods_Decenterd_Optical_Systems.pdf:application/pdf}
},

@article{collaboration_measurement_2007,
	title = {Measurement of the Optical Parameters of the Virgo Interferometer.},
	volume = {46},
	abstract = {The Virgo interferometer, aimed at detecting gravitational waves, is now in a commissioning phase.
Measurements of its optical properties are needed for the understanding of the instrument. We present the
techniques developed for the measurement of the optical parameters of Virgo. These parameters are
compared with the Virgo speciﬁcations.},
	number = {17},
	urldate = {2013-11-04},
	journal = {Applied Optics},
	author = {Collaboration, Virgo},
	month = jun,
	year = {2007},
	pages = {3466--3484},
	file = {Measurement_of_Optical_Parameters_Virgo.pdf:C:\Users\Chris Mueller\AppData\Roaming\Zotero\Zotero\Profiles\sbk67lce.default\zotero\storage\I99SGGQH\Measurement_of_Optical_Parameters_Virgo.pdf:application/pdf}
},

@article{rempe_measurement_1992,
	title = {Measurement of ultralow losses in an optical interferometer},
	volume = {17},
	url = {http://www.opticsinfobase.org/abstract.cfm?id=11045},
	number = {5},
	urldate = {2013-11-04},
	journal = {Optics letters},
	author = {Rempe, G. and Thompson, R. J. and Kimble, H. Jeffrey and Lalezari, R.},
	year = {1992},
	pages = {363–365},
	file = {Ultralow_Loss_Measurements.pdf:C:\Users\Chris Mueller\AppData\Roaming\Zotero\Zotero\Profiles\sbk67lce.default\zotero\storage\SCF9AQD2\Ultralow_Loss_Measurements.pdf:application/pdf}
},

@misc{vajente_mist_2010,
	title = {{MIST} User Manual},
	author = {Vajente, Gabriele},
	month = may,
	year = {2010},
	file = {MIST_User_Manual.pdf:C:\Users\Chris Mueller\AppData\Roaming\Zotero\Zotero\Profiles\sbk67lce.default\zotero\storage\4Q2FID95\MIST_User_Manual.pdf:application/pdf}
},

@article{eichenfield_modelling_????,
	title = {Modelling and Commissioning the Wavefront Sensing Auto-Alignment System of a Triangular Mode Cleaner Cavity},
	url = {https://dcc.ligo.org/public/0027/T030234/000/T030234-00.pdf},
	urldate = {2013-01-31},
	author = {Eichenfield, M.},
	file = {Eichenfield_Modelling_Mode_Cleaner.pdf:C:\Users\Chris Mueller\AppData\Roaming\Zotero\Zotero\Profiles\sbk67lce.default\zotero\storage\KXCUWVTG\Eichenfield_Modelling_Mode_Cleaner.pdf:application/pdf}
},

@article{habraken_modes_2007,
	title = {Modes of a twisted optical cavity},
	volume = {75},
	issn = {1050-2947, 1094-1622},
	url = {http://link.aps.org/doi/10.1103/PhysRevA.75.033819},
	doi = {10.1103/PhysRevA.75.033819},
	number = {3},
	urldate = {2013-11-04},
	journal = {Physical Review A},
	author = {Habraken, Steven J. and Nienhuis, Gerard},
	month = mar,
	year = {2007},
	file = {Modes_of_Twisted_Cavity.pdf:C:\Users\Chris Mueller\AppData\Roaming\Zotero\Zotero\Profiles\sbk67lce.default\zotero\storage\PH32G8V3\Modes_of_Twisted_Cavity.pdf:application/pdf}
},

@phdthesis{izumi_multi-color_????,
	title = {Multi-Color Interferometry for Lock Acquisition of Laser Interferometric Gravitational-wave Detectors},
	author = {Izumi, Kiwamu},
	file = {Kiwamu_Izumi.pdf:C:\Users\Chris Mueller\AppData\Roaming\Zotero\Zotero\Profiles\sbk67lce.default\zotero\storage\ZXJMUDTE\Kiwamu_Izumi.pdf:application/pdf}
},

@article{ju_multiple_2006,
	title = {Multiple modes contributions to parametric instabilities in advanced laser interferometer gravitational wave detectors},
	volume = {354},
	issn = {03759601},
	url = {http://linkinghub.elsevier.com/retrieve/pii/S0375960106001952},
	doi = {10.1016/j.physleta.2006.02.021},
	number = {5-6},
	urldate = {2013-11-19},
	journal = {Physics Letters A},
	author = {Ju, L. and Gras, S. and Zhao, C. and Degallaix, J. and Blair, {D.G.}},
	month = jun,
	year = {2006},
	pages = {360--365},
	file = {Modal_Contribution_to_Parametric_Instabilities.pdf:C:\Users\Chris Mueller\AppData\Roaming\Zotero\Zotero\Profiles\sbk67lce.default\zotero\storage\8PHUPWTD\Modal_Contribution_to_Parametric_Instabilities.pdf:application/pdf}
},

@inproceedings{johnson_neural_2001,
	title = {Neural network adaptive control of systems with input saturation},
	volume = {5},
	url = {http://ieeexplore.ieee.org/xpls/abs_all.jsp?arnumber=946179},
	urldate = {2013-05-17},
	booktitle = {American Control Conference, 2001. Proceedings of the 2001},
	author = {Johnson, Eric N. and Calise, Anthony J.},
	year = {2001},
	pages = {3527–3532},
	file = {NN_Adaptive_Control_of_Systems_w_Saturation.pdf:C:\Users\Chris Mueller\AppData\Roaming\Zotero\Zotero\Profiles\sbk67lce.default\zotero\storage\SBBNZQBZ\NN_Adaptive_Control_of_Systems_w_Saturation.pdf:application/pdf}
},

@misc{potocnik_neural_????,
	title = {Neural Network: Matlab Examples},
	author = {Potocnik, Primoz},
	file = {NN-examples.pdf:C:\Users\Chris Mueller\AppData\Roaming\Zotero\Zotero\Profiles\sbk67lce.default\zotero\storage\RSJNAFS6\NN-examples.pdf:application/pdf}
},

@article{laabs_nonparaxial_1999,
	title = {Nonparaxial eigenmodes of stable resonators},
	volume = {35},
	url = {http://ieeexplore.ieee.org/xpls/abs_all.jsp?arnumber=740741},
	number = {2},
	urldate = {2013-11-05},
	journal = {Quantum Electronics, {IEEE} Journal of},
	author = {Laabs, Holger and Friberg, Ari T.},
	year = {1999},
	pages = {198–207},
	file = {Nonparaxial_Eigenmodes_Stable_Resonators.pdf:C:\Users\Chris Mueller\AppData\Roaming\Zotero\Zotero\Profiles\sbk67lce.default\zotero\storage\FQVUFE72\Nonparaxial_Eigenmodes_Stable_Resonators.pdf:application/pdf}
},

@misc{arai_accumulated_2013,
	title = {On the Accumulated Round-trip Gouy Phase Shift for a General Optical Cavity},
	url = {https://dcc.ligo.org/LIGO-T1300189},
	publisher = {{LIGO} {DCC}},
	author = {Arai, Koji},
	month = mar,
	year = {2013},
	file = {T1300189_v1_cavity_gouy_phase.pdf:C:\Users\Chris Mueller\AppData\Roaming\Zotero\Zotero\Profiles\sbk67lce.default\zotero\storage\86EDURWV\T1300189_v1_cavity_gouy_phase.pdf:application/pdf}
},

@article{arain_interference_????,
	title = {On the Interference of Two Gaussian Beams and Their {ABCD} Matrix Representation},
	abstract = {Gaussian beam propagation is well described by the q-parameter 
and the {ABCD} matrices. A variety of {ABCD} matrices are available that 
represent commonly occurring scenarios/components in optics. One 
important phenomenon that has not been studied in detail is the interference 
of two optical beams with different q-parameters undergoing interference. 
In this paper, we describe the effect of interference of two Gaussian beams. 
We derive an {ABCD} matrix for the addition of two beams that takes into 
account both the amplitude and phase difference between two beams. This 
{ABCD} matrix will help greatly in determining the propagation of beams 
inside complex interferometers and finding the solutions for the coupled 
cavity Eigenmodes.},
	author = {Arain, Muzammil A. and Mueller, Guido},
	file = {ABCD_Interference_of_Gaussian_Beams.pdf:C:\Users\Chris Mueller\AppData\Roaming\Zotero\Zotero\Profiles\sbk67lce.default\zotero\storage\IV4EJ9ZN\ABCD_Interference_of_Gaussian_Beams.pdf:application/pdf}
},

@article{stoler_operator_1981,
	title = {Operator Methods in Physical Optics},
	volume = {71},
	url = {http://www.opticsinfobase.org/josa/abstract.cfm?uri=josa-71-3-334},
	abstract = {This  paper  is devoted  to the exposition  of operator algebraic methods  that can be  usefully applied  to many areas of physical optics.   These  methods exploit the structural similarity  between physical optics and quantum  mechanics  and make use  of operator techniques widely  used in quantum  theory.   We develop the basic approach here  and illustrate  its power  by giving a compact  derivation of the Fourier properties and the imaging properties of an ideal lens.   We  also  use  the operator  approach to  introduce and  discuss operators  and  fields that are unaltered  by pas-
sage through  an  optical system.},
	number = {3},
	journal = {Journal of the Optical Society of America},
	author = {Stoler, David},
	month = mar,
	year = {1981},
	pages = {334--341},
	file = {Operator_Methods_Physical_Optics.pdf:C:\Users\Chris Mueller\AppData\Roaming\Zotero\Zotero\Profiles\sbk67lce.default\zotero\storage\TZ7V9A6R\Operator_Methods_Physical_Optics.pdf:application/pdf}
},

@article{rohde_optical_????,
	title = {Optical Decay from a Fabry Perot Cavity Faster than the Decay Time},
	abstract = {The dynamical response of an optical Fabry-Perot cavity is investigated experimentally. We
observe oscillations in the transmitted and reﬂected light intensity if the frequency of the incoupled
light ﬁeld is rapidly changed. In addition, the decay of a cavity-stored light ﬁeld is accelerated if
the phase and intensity of the incoupled light are switched in an appropriate way. The theoretical
model by M. J. Lawrence et al, {JOSA} B 16, 523 (1999) agrees with our observations.},
	author = {Rohde, H and Eschner, J.},
	file = {0107038.pdf:C:\Users\Chris Mueller\AppData\Roaming\Zotero\Zotero\Profiles\sbk67lce.default\zotero\storage\4SHJ75GH\0107038.pdf:application/pdf}
},

@article{visser_orbital_2004,
	title = {Orbital angular momentum of general astigmatic modes},
	volume = {70},
	issn = {1050-2947, 1094-1622},
	url = {http://link.aps.org/doi/10.1103/PhysRevA.70.013809},
	doi = {10.1103/PhysRevA.70.013809},
	number = {1},
	urldate = {2013-11-04},
	journal = {Physical Review A},
	author = {Visser, Jorrit and Nienhuis, Gerard},
	month = jul,
	year = {2004},
	file = {Orbital_Angular_Momentum_of_General_Astigmatic_Modes.pdf:C:\Users\Chris Mueller\AppData\Roaming\Zotero\Zotero\Profiles\sbk67lce.default\zotero\storage\WTSG2ANN\Orbital_Angular_Momentum_of_General_Astigmatic_Modes.pdf:application/pdf}
},

@inproceedings{habraken_orbital_2007,
	title = {Orbital angular momentum of twisted cavity modes},
	url = {http://ieeexplore.ieee.org/xpls/abs_all.jsp?arnumber=4386891},
	urldate = {2013-11-04},
	booktitle = {Lasers and Electro-Optics, 2007 and the International Quantum Electronics Conference. {CLEOE-IQEC} 2007. European Conference on},
	author = {Habraken, Steven {JM} and Nienhuis, Gerard},
	year = {2007},
	pages = {1–1},
	file = {Orbital_Angular_Momentum_Twisted_Cavity_Modes.pdf:C:\Users\Chris Mueller\AppData\Roaming\Zotero\Zotero\Profiles\sbk67lce.default\zotero\storage\SWA2F9KH\Orbital_Angular_Momentum_Twisted_Cavity_Modes.pdf:application/pdf}
},

@article{geva-zatorsky_oscillations_2006,
	title = {Oscillations and variability in the p53 system},
	volume = {2},
	url = {http://www.nature.com/msb/journal/v2/n1/synopsis/msb4100068.html},
	number = {1},
	urldate = {2013-01-31},
	journal = {Molecular Systems Biology},
	author = {Geva-Zatorsky, N. and Rosenfeld, N. and Itzkovitz, S. and Milo, R. and Sigal, A. and Dekel, E. and Yarnitzky, T. and Liron, Y. and Polak, P. and Lahav, G.},
	year = {2006},
	file = {Black- Notes on the PDH technique.pdf:C:\Users\Chris Mueller\AppData\Roaming\Zotero\Zotero\Profiles\sbk67lce.default\zotero\storage\DDUA4ZIB\Black- Notes on the PDH technique.pdf:application/pdf}
},

@article{aasi_parameter_2013,
	title = {Parameter estimation for compact binary coalescence signals with the first generation gravitational-wave detector network},
	volume = {88},
	url = {http://prd.aps.org/abstract/PRD/v88/i6/e062001},
	number = {6},
	urldate = {2014-03-07},
	journal = {Physical Review D},
	author = {Aasi, J. and Abadie, J. and Abbott, B. P. and Abbott, R. and Abbott, T. D. and Abernathy, M. and Accadia, T. and Acernese, F. and Adams, C. and Adams, T. and Mueller, C. L.},
	year = {2013},
	pages = {062001},
	file = {PhysRevD.87.022002.pdf:C:\Users\Chris Mueller\AppData\Roaming\Zotero\Zotero\Profiles\sbk67lce.default\zotero\storage\BXW26ZV2\PhysRevD.87.022002.pdf:application/pdf}
},

@article{zhao_parametric_2005,
	title = {Parametric Instabilities and Their Control in Advanced Interferometer Gravitational-Wave Detectors},
	volume = {94},
	issn = {0031-9007, 1079-7114},
	url = {http://link.aps.org/doi/10.1103/PhysRevLett.94.121102},
	doi = {10.1103/PhysRevLett.94.121102},
	number = {12},
	urldate = {2013-11-04},
	journal = {Physical Review Letters},
	author = {Zhao, C. and Ju, L. and Degallaix, J. and Gras, S. and Blair, D.},
	month = apr,
	year = {2005},
	file = {Parametric_Instabilities_in_aLIGO.pdf:C:\Users\Chris Mueller\AppData\Roaming\Zotero\Zotero\Profiles\sbk67lce.default\zotero\storage\VMPEWGPC\Parametric_Instabilities_in_aLIGO.pdf:application/pdf;Parametric_Instabilities_in_GW_Detectors.pdf:C:\Users\Chris Mueller\AppData\Roaming\Zotero\Zotero\Profiles\sbk67lce.default\zotero\storage\WFGXGICU\Parametric_Instabilities_in_GW_Detectors.pdf:application/pdf}
},

@article{sun_polymeric_2001,
	title = {Polymeric waveguide prism-based electro-optic beam deflector},
	volume = {40},
	url = {http://opticalengineering.spiedigitallibrary.org/article.aspx?articleid=1098229%20},
	number = {7},
	urldate = {2013-01-31},
	journal = {Optical Engineering},
	author = {Sun, L. and Kim, J. and Jang, C. and An, D. and Lu, X. and Zhou, Q. and Taboada, J. M. and Chen, R. T. and Maki, J. J. and Tang, S.},
	year = {2001},
	pages = {1217–1222},
	file = {Sun_Beam_Deflector.pdf:C:\Users\Chris Mueller\AppData\Roaming\Zotero\Zotero\Profiles\sbk67lce.default\zotero\storage\IAJPVHA8\Sun_Beam_Deflector.pdf:application/pdf}
},

@misc{arai_precise_2008,
	title = {Precise Measurement of Longitudinal and Transverse Mode Spacings of an Optical Cavity Using an Auxilliary Laser},
	shorttitle = {G080467},
	author = {Arai, Koji and Stochino, Alberto and Adhikari, Rana},
	month = aug,
	year = {2008},
	file = {Longitudianl_and_Transverse_Mode_Spacing.pdf:C:\Users\Chris Mueller\AppData\Roaming\Zotero\Zotero\Profiles\sbk67lce.default\zotero\storage\MU9IM658\Longitudianl_and_Transverse_Mode_Spacing.pdf:application/pdf}
},

@article{hefetz_principles_1997,
	title = {Principles of calculating alignment signals in complex resonant optical interferometers},
	volume = {14},
	url = {http://www.opticsinfobase.org/abstract.cfm?&id=65191},
	number = {7},
	urldate = {2013-01-31},
	journal = {{JOSA} B},
	author = {Hefetz, Y. and Mavalvala, N. and Sigg, D.},
	year = {1997},
	pages = {1597–1605},
	file = {Hefetz - Alignment Signals.pdf:C:\Users\Chris Mueller\AppData\Roaming\Zotero\Zotero\Profiles\sbk67lce.default\zotero\storage\IGFZRXV4\Hefetz - Alignment Signals.pdf:application/pdf}
},

@article{oemrawsingh_production_2004,
	title = {Production and characterization of spiral phase plates for optical wavelengths},
	volume = {43},
	url = {http://www.opticsinfobase.org/abstract.cfm?&id=78420},
	number = {3},
	urldate = {2013-11-19},
	journal = {Applied optics},
	author = {Oemrawsingh, S. S. R. and Van Houwelingen, J. A. W. and Eliel, E. R. and Woerdman, J. P. and Verstegen, E. J. K. and Kloosterboer, J. G. and t Hooft, G. W.},
	year = {2004},
	pages = {688–694},
	file = {Production_of_Spiral_Phase_Plates.pdf:C:\Users\Chris Mueller\AppData\Roaming\Zotero\Zotero\Profiles\sbk67lce.default\zotero\storage\XFF7GN46\Production_of_Spiral_Phase_Plates.pdf:application/pdf}
},

@article{aasi_prospects_2013,
	title = {Prospects for localization of gravitational wave transients by the Advanced {LIGO} and Advanced Virgo Observatories},
	url = {http://arxiv.org/abs/1304.0670},
	urldate = {2014-03-07},
	journal = {{arXiv} preprint {arXiv:1304.0670}},
	author = {Aasi, J. and Abadie, J. and Abbott, B. P. and Abbott, R. and Abbott, T. D. and Abernathy, M. and Accadia, T. and Acernese, F. and Adams, C. and Adams, T. and Mueller, C. L.},
	year = {2013},
	file = {1304.0670v1.pdf:C:\Users\Chris Mueller\AppData\Roaming\Zotero\Zotero\Profiles\sbk67lce.default\zotero\storage\PX77IS84\1304.0670v1.pdf:application/pdf}
},

@misc{kim_psl_????,
	title = {{PSL} Final Design},
	author = {Kim, Hyunjoo},
	file = {PSL_FDD.pdf:C:\Users\Chris Mueller\AppData\Roaming\Zotero\Zotero\Profiles\sbk67lce.default\zotero\storage\FVCK9VAA\PSL_FDD.pdf:application/pdf}
},

@article{martinez-herrero_quality_1992,
	title = {Quality improvement of partially coherent symmetric-intensity beams caused by quartic phase distortions},
	volume = {17},
	url = {http://www.opticsinfobase.org/abstract.cfm?id=59884},
	number = {23},
	urldate = {2013-01-31},
	journal = {Optics letters},
	author = {Martínez-Herrero, R. and Mejías, P. M. and Piquero, G.},
	year = {1992},
	pages = {1650–1651},
	file = {Manrinez-Quality_Improvement_from_Quartic_Phase.pdf:C:\Users\Chris Mueller\AppData\Roaming\Zotero\Zotero\Profiles\sbk67lce.default\zotero\storage\TV9X5V29\Manrinez-Quality_Improvement_from_Quartic_Phase.pdf:application/pdf}
},

@phdthesis{corbitt_quantum_2008,
	title = {Quantum noise and radiation pressure effects in high power optical interferometers},
	url = {http://gwic.ligo.org/thesisprize/2008/Corbitt_Thesis.pdf},
	urldate = {2013-01-31},
	school = {Massachusetts Institute of Technology},
	author = {Corbitt, T. R.},
	year = {2008},
	file = {Thomas_Corbitt.pdf:C:\Users\Chris Mueller\AppData\Roaming\Zotero\Zotero\Profiles\sbk67lce.default\zotero\storage\QCMPI3N3\Thomas_Corbitt.pdf:application/pdf}
},

@article{eggleston_ray_2013,
	title = {Ray transfer matrix for a spiral phase plate},
	volume = {30},
	issn = {1084-7529, 1520-8532},
	url = {http://www.opticsinfobase.org/abstract.cfm?URI=josaa-30-12-2526},
	doi = {10.1364/JOSAA.30.002526},
	number = {12},
	urldate = {2013-11-19},
	journal = {Journal of the Optical Society of America A},
	author = {Eggleston, M. and Godat, T. and Munro, E. and Alonso, M. A. and Shi, H. and Bhattacharya, M.},
	month = nov,
	year = {2013},
	pages = {2526},
	file = {Ray_Matrix_for_Spiral_Phase_Plate.pdf:C:\Users\Chris Mueller\AppData\Roaming\Zotero\Zotero\Profiles\sbk67lce.default\zotero\storage\ZCZMIR9R\Ray_Matrix_for_Spiral_Phase_Plate.pdf:application/pdf}
},

@article{fritschel_readout_2001,
	title = {Readout and control of a power-recycled interferometric gravitational-wave antenna},
	volume = {40},
	url = {http://www.opticsinfobase.org/abstract.cfm?id=65341},
	number = {28},
	urldate = {2013-03-14},
	journal = {Applied Optics},
	author = {Fritschel, Peter and Bork, Rolf and González, Gabriela and Mavalvala, Nergis and Ouimette, Dale and Rong, Haisheng and Sigg, Daniel and Zucker, Michael},
	year = {2001},
	pages = {4988–4998},
	file = {Fritschel_Readout_and_Control_of_Power_Recycled.pdf:C:\Users\Chris Mueller\AppData\Roaming\Zotero\Zotero\Profiles\sbk67lce.default\zotero\storage\GBV6E2CE\Fritschel_Readout_and_Control_of_Power_Recycled.pdf:application/pdf}
},

@article{meers_recycling_1988,
	title = {Recycling in laser-interferometric gravitational-wave detectors},
	volume = {38},
	url = {http://prd.aps.org/abstract/PRD/v38/i8/p2317_1},
	number = {8},
	urldate = {2014-02-13},
	journal = {Physical Review D},
	author = {Meers, Brian J.},
	year = {1988},
	pages = {2317},
	file = {Experimental_Demonstration_Dual_Recycled.pdf:C:\Users\Chris Mueller\AppData\Roaming\Zotero\Zotero\Profiles\sbk67lce.default\zotero\storage\CK2FNRNH\Experimental_Demonstration_Dual_Recycled.pdf:application/pdf}
},

@article{hammond_reducing_2012,
	title = {Reducing the suspension thermal noise of advanced gravitational wave detectors},
	volume = {29},
	url = {http://iopscience.iop.org/0264-9381/29/12/124009},
	number = {12},
	urldate = {2013-01-31},
	journal = {Classical and Quantum Gravity},
	author = {Hammond, G. D. and Cumming, A. V. and Hough, J. and Kumar, R. and Tokmakov, K. and Reid, S. and Rowan, S.},
	year = {2012},
	pages = {124009},
	file = {Hammond_Suspension_Thermal_Noise.pdf:C:\Users\Chris Mueller\AppData\Roaming\Zotero\Zotero\Profiles\sbk67lce.default\zotero\storage\RIBTHW6E\Hammond_Suspension_Thermal_Noise.pdf:application/pdf}
},

@article{mizuno_resonant_1993,
	title = {Resonant sideband extraction: a new configuration for interferometric gravitational wave detectors},
	volume = {175},
	shorttitle = {Resonant sideband extraction},
	url = {http://www.sciencedirect.com/science/article/pii/037596019390620F},
	number = {5},
	urldate = {2013-03-01},
	journal = {Physics Letters A},
	author = {Mizuno, Jun and Strain, Kenneth A. and Nelson, P. G. and Chen, J. M. and Schilling, Roland and Rüdiger, Albrecht and Winkler, Walter and Danzmann, Karsten},
	year = {1993},
	pages = {273–276},
	file = {RSE.pdf:C:\Users\Chris Mueller\AppData\Roaming\Zotero\Zotero\Profiles\sbk67lce.default\zotero\storage\AZPING9G\RSE.pdf:application/pdf}
},

@misc{yamamoto_scattered_????,
	title = {Scattered Light Noise Due to the {ETM} Coating Ripple},
	abstract = {This note contains an estimate of the noise due to the scattered light ring pattern from the
{ETM}, arising from the periodic thickness variations produced by the {LMA} double-planetary
coating process. 1 The phenomenon analyzed is where this scattered light ring hits a beam
tube baﬄe near the {ITM} end of the tube, is scattered back towards the {ETM} by the baﬄe
material, and then scatters back into the cavity mode on the {ETM} surface.  Vibrations of
the baﬄe will phase modulate this recombined light, producing phase noise on the cavity
beam.  While some parts of the scattered light ring will hit the arm cavity baﬄe and the
manifold/cryopump baﬄe, both of these baﬄes have some amount of vibration isolation,
so the phase noise from these scattering paths should be small compared to the beam tube
baﬄe case.},
	author = {Yamamoto, Hiro and Fritschel, Peter},
	file = {ScattLightRing.pdf:C:\Users\Chris Mueller\AppData\Roaming\Zotero\Zotero\Profiles\sbk67lce.default\zotero\storage\GUU4W895\ScattLightRing.pdf:application/pdf}
},

@misc{_schottky_????,
	title = {Schottky Noise (Shot Noise) and Johnson Noise in Electronics},
	file = {Shot_Noise_Johnson_Noise.pdf:C:\Users\Chris Mueller\AppData\Roaming\Zotero\Zotero\Profiles\sbk67lce.default\zotero\storage\W8RTHUCI\Shot_Noise_Johnson_Noise.pdf:application/pdf}
},

@article{abadie_search_2012,
	title = {Search for Gravitational Waves Associated with Gamma-Ray Bursts During {LIGO} Science Run 6 and Virgo Science Runs 2 and 3},
	volume = {760},
	issn = {0004-{637X}, 1538-4357},
	url = {http://stacks.iop.org/0004-637X/760/i=1/a=12?key=crossref.90814bd89e3312e515d332350c6f8d73},
	doi = {10.1088/0004-637X/760/1/12},
	number = {1},
	urldate = {2014-03-07},
	journal = {The Astrophysical Journal},
	author = {Abadie, J. and Abbott, B. P. and Abbott, R. and Abbott, T. D. and Abernathy, M. and Accadia, T. and Acernese, F. and Adams, C. and Adhikari, R. X. and Affeldt, C. and Agathos, M. and Agatsuma, K. and Ajith, P. and Allen, B. and Ceron, E. Amador and Amariutei, D. and Anderson, S. B. and Anderson, W. G. and Arai, K. and Arain, M. A. and Araya, M. C. and Aston, S. M. and Astone, P. and Atkinson, D. and Aufmuth, P. and Aulbert, C. and Aylott, B. E. and Babak, S. and Baker, P. and Ballardin, G. and Ballmer, S. and Barayoga, J. C. B. and Barker, D. and Barone, F. and Barr, B. and Barsotti, L. and Barsuglia, M. and Barton, M. A. and Bartos, I. and Bassiri, R. and Bastarrika, M. and Basti, A. and Batch, J. and Bauchrowitz, J. and Bauer, Th. S. and Bebronne, M. and Beck, D. and Behnke, B. and Bejger, M. and Beker, M. G. and Bell, A. S. and Belopolski, I. and Benacquista, M. and Berliner, J. M. and Bertolini, A. and Betzwieser, J. and Beveridge, N. and Beyersdorf, P. T. and Bilenko, I. A. and Billingsley, G. and Birch, J. and Biswas, R. and Bitossi, M. and Bizouard, M. A. and Black, E. and Blackburn, J. K. and Blackburn, L. and Blair, D. and Bland, B. and Blom, M. and Bock, O. and Bodiya, T. P. and Bogan, C. and Bondarescu, R. and Bondu, F. and Bonelli, L. and Bonnand, R. and Bork, R. and Born, M. and Boschi, V. and Bose, S. and Bosi, L. and Bouhou, B. and Braccini, S. and Bradaschia, C. and Brady, P. R. and Braginsky, V. B. and Branchesi, M. and Brau, J. E. and Breyer, J. and Briant, T. and Bridges, D. O. and Brillet, A. and Brinkmann, M. and Brisson, V. and Britzger, M. and Brooks, A. F. and Brown, D. A. and Bulik, T. and Bulten, H. J. and Buonanno, A. and Burguet-Castell, J. and Buskulic, D. and Buy, C. and Byer, R. L. and Cadonati, L. and Calloni, E. and Camp, J. B. and Campsie, P. and Cannizzo, J. and Cannon, K. and Canuel, B. and Cao, J. and Capano, C. D. and Carbognani, F. and Carbone, L. and Caride, S. and Caudill, S. and Cavaglià, M. and Cavalier, F. and Cavalieri, R. and Cella, G. and Cepeda, C. and Cesarini, E. and Chaibi, O. and Chalermsongsak, T. and Charlton, P. and Chassande-Mottin, E. and Chelkowski, S. and Chen, W. and Chen, X. and Chen, Y. and Chincarini, A. and Chiummo, A. and Cho, H. S. and Chow, J. and Christensen, N. and Chua, S. S. Y. and Chung, C. T. Y. and Chung, S. and Ciani, G. and Clara, F. and Clark, D. E. and Clark, J. and Clayton, J. H. and Cleva, F. and Coccia, E. and Cohadon, P.-F. and Colacino, C. N. and Colas, J. and Colla, A. and Colombini, M. and Conte, A. and Conte, R. and Cook, D. and Corbitt, T. R. and Cordier, M. and Cornish, N. and Corsi, A. and Costa, C. A. and Coughlin, M. and Coulon, J.-P. and Couvares, P. and Coward, D. M. and Cowart, M. and Coyne, D. C. and Creighton, J. D. E. and Creighton, T. D. and Cruise, A. M. and Cumming, A. and Cunningham, L. and Cuoco, E. and Cutler, R. M. and Dahl, K. and Danilishin, S. L. and Dannenberg, R. and {D'Antonio}, S. and Danzmann, K. and Dattilo, V. and Daudert, B. and Daveloza, H. and Davier, M. and Daw, E. J. and Day, R. and Dayanga, T. and De Rosa, R. and {DeBra}, D. and Debreczeni, G. and Degallaix, J. and Del Pozzo, W. and del Prete, M. and Dent, T. and Dergachev, V. and {DeRosa}, R. and {DeSalvo}, R. and Dhurandhar, S. and Di Fiore, L. and Di Lieto, A. and Di Palma, I. and Di Paolo Emilio, M. and Di Virgilio, A. and Díaz, M. and Dietz, A. and Donovan, F. and Dooley, K. L. and Drago, M. and Drever, R. W. P. and Driggers, J. C. and Du, Z. and Dumas, J.-C. and Dwyer, S. and Eberle, T. and Edgar, M. and Edwards, M. and Effler, A. and Ehrens, P. and Endrőczi, G. and Engel, R. and Etzel, T. and Evans, K. and Evans, M. and Evans, T. and Factourovich, M. and Fafone, V. and Fairhurst, S. and Fan, Y. and Farr, B. F. and Fazi, D. and Fehrmann, H. and Feldbaum, D. and Feroz, F. and Ferrante, I. and Fidecaro, F. and Finn, L. S. and Fiori, I. and Fisher, R. P. and Flaminio, R. and Flanigan, M. and Foley, S. and Forsi, E. and Forte, L. A. and Fotopoulos, N. and Fournier, J.-D. and Franc, J. and Franco, S. and Frasca, S. and Frasconi, F. and Frede, M. and Frei, M. and Frei, Z. and Freise, A. and Frey, R. and Fricke, T. T. and Friedrich, D. and Fritschel, P. and Frolov, V. V. and Fujimoto, M.-K. and Fulda, P. J. and Fyffe, M. and Gair, J. and Galimberti, M. and Gammaitoni, L. and Garcia, J. and Garufi, F. and Gáspár, M. E. and Gehrels, N. and Gemme, G. and Geng, R. and Genin, E. and Gennai, A. and Gergely, L. á. and Ghosh, S. and Giaime, J. A. and Giampanis, S. and Giardina, K. D. and Giazotto, A. and Gil-Casanova, S. and Gill, C. and Gleason, J. and Goetz, E. and Goggin, L. M. and González, G. and Gorodetsky, M. L. and Goßler, S. and Gouaty, R. and Graef, C. and Graff, P. B. and Granata, M. and Grant, A. and Gras, S. and Gray, C. and Gray, N. and Greenhalgh, R. J. S. and Gretarsson, A. M. and Greverie, C. and Grosso, R. and Grote, H. and Grunewald, S. and Guidi, G. M. and Guido, C. and Gupta, R. and Gustafson, E. K. and Gustafson, R. and Ha, T. and Hallam, J. M. and Hammer, D. and Hammond, G. and Hanks, J. and Hanna, C. and Hanson, J. and Hardt, A. and Harms, J. and Harry, G. M. and Harry, I. W. and Harstad, E. D. and Hartman, M. T. and Haughian, K. and Hayama, K. and Hayau, J.-F. and Heefner, J. and Heidmann, A. and Heintze, M. C. and Heitmann, H. and Hello, P. and Hendry, M. A. and Heng, I. S. and Heptonstall, A. W. and Herrera, V. and Hewitson, M. and Hild, S. and Hoak, D. and Hodge, K. A. and Holt, K. and Holtrop, M. and Hong, T. and Hooper, S. and Hosken, D. J. and Hough, J. and Howell, E. J. and Hughey, B. and Husa, S. and Huttner, S. H. and Huynh-Dinh, T. and Ingram, D. R. and Inta, R. and Isogai, T. and Ivanov, A. and Izumi, K. and Jacobson, M. and James, E. and Jang, Y. J. and Jaranowski, P. and Jesse, E. and Johnson, W. W. and Jones, D. I. and Jones, G. and Jones, R. and Jonker, R. J. G. and Ju, L. and Kalmus, P. and Kalogera, V. and Kandhasamy, S. and Kang, G. and Kanner, J. B. and Kasturi, R. and Katsavounidis, E. and Katzman, W. and Kaufer, H. and Kawabe, K. and Kawamura, S. and Kawazoe, F. and Kelley, D. and Kells, W. and Keppel, D. G. and Keresztes, Z. and Khalaidovski, A. and Khalili, F. Y. and Khazanov, E. A. and Kim, B. K. and Kim, C. and Kim, H. and Kim, K. and Kim, N. and Kim, Y. M. and King, P. J. and Kinzel, D. L. and Kissel, J. S. and Klimenko, S. and Kokeyama, K. and Kondrashov, V. and Koranda, S. and Korth, W. Z. and Kowalska, I. and Kozak, D. and Kranz, O. and Kringel, V. and Krishnamurthy, S. and Krishnan, B. and Królak, A. and Kuehn, G. and Kumar, P. and Kumar, R. and Kwee, P. and Lam, P. K. and Landry, M. and Lantz, B. and Lastzka, N. and Lawrie, C. and Lazzarini, A. and Leaci, P. and Lee, C. H. and Lee, H. K. and Lee, H. M. and Leong, J. R. and Leonor, I. and Leroy, N. and Letendre, N. and Li, J. and Li, T. G. F. and Liguori, N. and Lindquist, P. E. and Liu, Y. and Liu, Z. and Lockerbie, N. A. and Lodhia, D. and Lorenzini, M. and Loriette, V. and Lormand, M. and Losurdo, G. and Lough, J. and Luan, J. and Lubinski, M. and Lück, H. and Lundgren, A. P. and Macdonald, E. and Machenschalk, B. and {MacInnis}, M. and Macleod, D. M. and Mageswaran, M. and Mailand, K. and Majorana, E. and Maksimovic, I. and Malvezzi, V. and Man, N. and Mandel, I. and Mandic, V. and Mantovani, M. and Marandi, A. and Marchesoni, F. and Marion, F. and Márka, S. and Márka, Z. and Markosyan, A. and Maros, E. and Marque, J. and Martelli, F. and Martin, I. W. and Martin, R. M. and Marx, J. N. and Mason, K. and Masserot, A. and Matichard, F. and Matone, L. and Matzner, R. A. and Mavalvala, N. and Mazzolo, G. and {McCarthy}, R. and {McClelland}, D. E. and {McGuire}, S. C. and {McIntyre}, G. and {McIver}, J. and {McKechan}, D. J. A. and {McWilliams}, S. and Meadors, G. D. and Mehmet, M. and Meier, T. and Melatos, A. and Melissinos, A. C. and Mendell, G. and Mercer, R. A. and Meshkov, S. and Messenger, C. and Meyer, M. S. and Miao, H. and Michel, C. and Milano, L. and Miller, J. and Minenkov, Y. and Mitrofanov, V. P. and Mitselmakher, G. and Mittleman, R. and Miyakawa, O. and Moe, B. and Mohan, M. and Mohanty, S. D. and Mohapatra, S. R. P. and Moraru, D. and Moreno, G. and Morgado, N. and Morgia, A. and Mori, T. and Morriss, S. R. and Mosca, S. and Mossavi, K. and Mours, B. and Mow-Lowry, C. M. and Mueller, C. L. and Mueller, G. and Mukherjee, S. and Mullavey, A. and Müller-Ebhardt, H. and Munch, J. and Murphy, D. and Murray, P. G. and Mytidis, A. and Nash, T. and Naticchioni, L. and Necula, V. and Nelson, J. and Neri, I. and Newton, G. and Nguyen, T. and Nishizawa, A. and Nitz, A. and Nocera, F. and Nolting, D. and Normandin, M. E. and Nuttall, L. and Ochsner, E. and {O'Dell}, J. and Oelker, E. and Ogin, G. H. and Oh, J. J. and Oh, S. H. and {O'Reilly}, B. and {O'Shaughnessy}, R. and Osthelder, C. and Ott, C. D. and Ottaway, D. J. and Ottens, R. S. and Overmier, H. and Owen, B. J. and Page, A. and Palladino, L. and Palomba, C. and Pan, Y. and Pankow, C. and Paoletti, F. and Paoletti, R. and Papa, M. A. and Parisi, M. and Pasqualetti, A. and Passaquieti, R. and Passuello, D. and Patel, P. and Pedraza, M. and Peiris, P. and Pekowsky, L. and Penn, S. and Perreca, A. and Persichetti, G. and Phelps, M. and Pichot, M. and Pickenpack, M. and Piergiovanni, F. and Pietka, M. and Pinard, L. and Pinto, I. M. and Pitkin, M. and Pletsch, H. J. and Plissi, M. V. and Poggiani, R. and Pöld, J. and Postiglione, F. and Prato, M. and Predoi, V. and Prestegard, T. and Price, L. R. and Prijatelj, M. and Principe, M. and Privitera, S. and Prix, R. and Prodi, G. A. and Prokhorov, L. G. and Puncken, O. and Punturo, M. and Puppo, P. and Quetschke, V. and Quitzow-James, R. and Raab, F. J. and Rabeling, D. S. and Rácz, I. and Radkins, H. and Raffai, P. and Rakhmanov, M. and Rankins, B. and Rapagnani, P. and Raymond, V. and Re, V. and Redwine, K. and Reed, C. M. and Reed, T. and Regimbau, T. and Reid, S. and Reitze, D. H. and Ricci, F. and Riesen, R. and Riles, K. and Robertson, N. A. and Robinet, F. and Robinson, C. and Robinson, E. L. and Rocchi, A. and Roddy, S. and Rodriguez, C. and Rodruck, M. and Rolland, L. and Rollins, J. G. and Romano, J. D. and Romano, R. and Romie, J. H. and Rosińska, D. and Röver, C. and Rowan, S. and Rüdiger, A. and Ruggi, P. and Ryan, K. and Sainathan, P. and Salemi, F. and Sammut, L. and Sandberg, V. and Sannibale, V. and Santamaría, L. and Santiago-Prieto, I. and Santostasi, G. and Sassolas, B. and Sathyaprakash, B. S. and Sato, S. and Saulson, P. R. and Savage, R. L. and Schilling, R. and Schnabel, R. and Schofield, R. M. S. and Schreiber, E. and Schulz, B. and Schutz, B. F. and Schwinberg, P. and Scott, J. and Scott, S. M. and Seifert, F. and Sellers, D. and Sentenac, D. and Sergeev, A. and Shaddock, D. A. and Shaltev, M. and Shapiro, B. and Shawhan, P. and Shoemaker, D. H. and Sibley, A. and Siemens, X. and Sigg, D. and Singer, A. and Singer, L. and Sintes, A. M. and Skelton, G. R. and Slagmolen, B. J. J. and Slutsky, J. and Smith, J. R. and Smith, M. R. and Smith, R. J. E. and Smith-Lefebvre, N. D. and Somiya, K. and Sorazu, B. and Soto, J. and Speirits, F. C. and Sperandio, L. and Stefszky, M. and Stein, A. J. and Stein, L. C. and Steinert, E. and Steinlechner, J. and Steinlechner, S. and Steplewski, S. and Stochino, A. and Stone, R. and Strain, K. A. and Strigin, S. E. and Stroeer, A. S. and Sturani, R. and Stuver, A. L. and Summerscales, T. Z. and Sung, M. and Susmithan, S. and Sutton, P. J. and Swinkels, B. and Tacca, M. and Taffarello, L. and Talukder, D. and Tanner, D. B. and Tarabrin, S. P. and Taylor, J. R. and Taylor, R. and ter Braack, A. P. M. and Thomas, P. and Thorne, K. A. and Thorne, K. S. and Thrane, E. and Thüring, A. and Tokmakov, K. V. and Tomlinson, C. and Toncelli, A. and Tonelli, M. and Torre, O. and Torres, C. and Torrie, C. I. and Tournefier, E. and Tucker, E. and Travasso, F. and Traylor, G. and Tseng, K. and Ugolini, D. and Vahlbruch, H. and Vajente, G. and van den Brand, J. F. J. and Van Den Broeck, C. and van der Putten, S. and van Veggel, A. A. and Vass, S. and Vasuth, M. and Vaulin, R. and Vavoulidis, M. and Vecchio, A. and Vedovato, G. and Veitch, J. and Veitch, P. J. and Veltkamp, C. and Verkindt, D. and Vetrano, F. and Viceré, A. and Villar, A. E. and Vinet, J.-Y. and Vitale, S. and Vocca, H. and Vorvick, C. and Vyatchanin, S. P. and Wade, A. and Wade, L. and Wade, M. and Waldman, S. J. and Wallace, L. and Wan, Y. and Wang, M. and Wang, X. and Wang, Z. and Wanner, A. and Ward, R. L. and Was, M. and Weinert, M. and Weinstein, A. J. and Weiss, R. and Wen, L. and Wessels, P. and West, M. and Westphal, T. and Wette, K. and Whelan, J. T. and Whitcomb, S. E. and White, D. J. and Whiting, B. F. and Wilkinson, C. and Willems, P. A. and Williams, L. and Williams, R. and Willke, B. and Winkelmann, L. and Winkler, W. and Wipf, C. C. and Wiseman, A. G. and Wittel, H. and Woan, G. and Wooley, R. and Worden, J. and Yakushin, I. and Yamamoto, H. and Yamamoto, K. and Yancey, C. C. and Yang, H. and Yeaton-Massey, D. and Yoshida, S. and Yu, P. and Yvert, M. and Zadrożny, A. and Zanolin, M. and Zendri, J.-P. and Zhang, F. and Zhang, L. and Zhang, W. and Zhao, C. and Zotov, N. and Zucker, M. E. and Zweizig, J. and {The {LIGO} Scientific Collaboration and the Virgo Collaboration} and Briggs, M. S. and Connaughton, V. and Hurley, K. C. and Jenke, P. A. and von Kienlin, A. and Rau, A. and Zhang, X.-L.},
	month = nov,
	year = {2012},
	pages = {12},
	file = {S6_Search_for_Gravitational_Waves_from_Gamma_Ray_Bursts.pdf:C:\Users\Chris Mueller\AppData\Roaming\Zotero\Zotero\Profiles\sbk67lce.default\zotero\storage\DD4QP2CK\S6_Search_for_Gravitational_Waves_from_Gamma_Ray_Bursts.pdf:application/pdf}
},

@article{aasi_search_2013,
	title = {Search for gravitational waves from binary black hole inspiral, merger, and ringdown in {LIGO-Virgo} data from 2009–2010},
	volume = {87},
	url = {http://prd.aps.org/abstract/PRD/v87/i2/e022002},
	number = {2},
	urldate = {2014-03-07},
	journal = {Physical Review D},
	author = {Aasi, J. and Abadie, J. and Abbott, B. P. and Abbott, R. and Abbott, T. D. and Abernathy, M. and Accadia, T. and Acernese, F. and Adams, C. and Adams, T. and Mueller, C. L.},
	year = {2013},
	pages = {022002},
	file = {First_Gen_Binary_Coalescences.pdf:C:\Users\Chris Mueller\AppData\Roaming\Zotero\Zotero\Profiles\sbk67lce.default\zotero\storage\ZCWNEH8S\First_Gen_Binary_Coalescences.pdf:application/pdf}
},

@article{abadie_search_2012-1,
	title = {Search for gravitational waves from intermediate mass binary black holes},
	volume = {85},
	url = {http://prd.aps.org/abstract/PRD/v85/i10/e102004},
	number = {10},
	urldate = {2014-03-07},
	journal = {Physical Review D},
	author = {Abadie, J. and Abbott, B. P. and Abbott, R. and Abbott, T. D. and Abernathy, M. and Accadia, T. and Acernese, F. and Adams, C. and Adhikari, R. and Affeldt, C. and Mueller, C. L.},
	year = {2012},
	pages = {102004},
	file = {PhysRevD.85.102004.pdf:C:\Users\Chris Mueller\AppData\Roaming\Zotero\Zotero\Profiles\sbk67lce.default\zotero\storage\ZEFJRN9B\PhysRevD.85.102004.pdf:application/pdf}
},

@article{aasi_search_2013-1,
	title = {Search for long-lived gravitational-wave transients coincident with long gamma-ray bursts},
	volume = {88},
	url = {http://prd.aps.org/abstract/PRD/v88/i12/e122004},
	number = {12},
	urldate = {2014-03-07},
	journal = {Physical Review D},
	author = {Aasi, J. and Abadie, J. and Abbott, B. P. and Abbott, R. and Abbott, T. and Abernathy, M. R. and Accadia, T. and Acernese, F. and Adams, C. and Adams, T. and Mueller, C. L.},
	year = {2013},
	pages = {122004},
	file = {PhysRevD.88.122004.pdf:C:\Users\Chris Mueller\AppData\Roaming\Zotero\Zotero\Profiles\sbk67lce.default\zotero\storage\RHHTSBNB\PhysRevD.88.122004.pdf:application/pdf}
},

@inproceedings{fritschel_second_2003,
	title = {Second generation instruments for the laser interferometer gravitational wave observatory ({LIGO)}},
	volume = {4856},
	url = {http://spiedigitallibrary.org/data/Conferences/SPIEP/29669/282_1.pdf},
	urldate = {2013-03-05},
	booktitle = {Proc. of {SPIE} Vol},
	author = {Fritschel, Peter},
	year = {2003},
	pages = {283},
	file = {Fritschel-Second_Generation_Instruments.pdf:C:\Users\Chris Mueller\AppData\Roaming\Zotero\Zotero\Profiles\sbk67lce.default\zotero\storage\4JQS52TN\Fritschel-Second_Generation_Instruments.pdf:application/pdf}
},

@article{strain_sensing_2003,
	title = {Sensing and control in dual-recycling laser interferometer gravitational-wave detectors},
	volume = {42},
	url = {http://www.opticsinfobase.org/abstract.cfm?uri=AO-42-7-1244},
	number = {7},
	urldate = {2014-02-13},
	journal = {Applied optics},
	author = {Strain, Kenneth A. and Müller, Guido and Delker, Tom and Reitze, David H. and Tanner, David B. and Mason, James E. and Willems, Phil A. and Shaddock, Daniel A. and Gray, Malcolm B. and Mow-Lowry, Conor},
	year = {2003},
	pages = {1244–1256},
	file = {Sensing_and_Control_in_Dual_Recycled.pdf:C:\Users\Chris Mueller\AppData\Roaming\Zotero\Zotero\Profiles\sbk67lce.default\zotero\storage\APN44KQ5\Sensing_and_Control_in_Dual_Recycled.pdf:application/pdf}
},


@phdthesis{adhikari_sensitivity_2004,
	type = {{Ph.D.}},
	title = {Sensitivity and Noise Analysis of a 4km Interferometric Gravitational Wave Antenna},
	url = {http://tstc.bz/docs/490.pdf},
	urldate = {2013-01-31},
	school = {Massachusetts Institute of Technology},
	author = {Adhikari, Rana},
	month = jul,
	year = {2004},
	file = {Rana_Adhikari.pdf:C:\Users\Chris Mueller\AppData\Roaming\Zotero\Zotero\Profiles\sbk67lce.default\zotero\storage\2M4VU3U2\Rana_Adhikari.pdf:application/pdf}
},

@phdthesis{regehr_signal_1994,
	title = {Signal extraction and control for an interferometric gravitational wave detector},
	url = {http://www.ligo.caltech.edu/~rana/docs/Theses/Thesis-Regehr.pdf},
	abstract = {Large  interferometers  are  currently  under  construction  for  the  detection  of
gravitational radiation.  These will contain a number of optical surfaces at each
of which the relative phase of incident beams must be kept strictly controlled in
order to achieve high sensitivity.
The type of interferometer considered here consists of two Fabry-Perot cavities
illuminated by a laser beam which is split in half by a beam splitter, together with
a recycling mirror between the laser and the beam splitter, which reﬂects light
returning from the beam splitter toward the laser back into the interferometer.  A
scheme for sensing deviations from proper interference has been analyzed and the
adequacy of this method for incorporation in a control system has been evaluated.
The  sensing  scheme  involves  phase  modulating  the  laser  light  incident  on  the
interferometer, introducing an asymmetry in the distances between the Fabry-Perot
cavities and the beam splitter, and demodulating the signals from photodetectors
monitoring  three  optical  outputs  of  the  interferometer.    These  optical  outputs
are light returning to the laser,  light extracted by a pick-off from between the
recycling mirror and the beam splitter, and light leaving the interferometer at the
beam  splitter.
The  analysis  has  shown  that  the  matrix  of  transfer  functions  from  mirror
displacement to demodulated signal is ill-conditioned, that as many as three of},
	urldate = {2013-02-28},
	school = {California Institute of Technology},
	author = {Regehr, Martin W.},
	year = {1994},
	file = {Martin_Regehr.pdf:C:\Users\Chris Mueller\AppData\Roaming\Zotero\Zotero\Profiles\sbk67lce.default\zotero\storage\SKC22TR8\Martin_Regehr.pdf:application/pdf}
},

@article{gans_smoothing_1984,
	title = {Smoothing and differentiation of spectroscopic curves using spline functions},
	volume = {38},
	url = {http://www.opticsinfobase.org/abstract.cfm?id=127333},
	number = {3},
	urldate = {2014-01-08},
	journal = {Applied spectroscopy},
	author = {Gans, Peter and Gill, J. Bernard},
	year = {1984},
	pages = {370–376},
	file = {Smoothing_Spectroscopic_Curves_using_Spline_Functions.pdf:C:\Users\Chris Mueller\AppData\Roaming\Zotero\Zotero\Profiles\sbk67lce.default\zotero\storage\E6ZRZNVF\Smoothing_Spectroscopic_Curves_using_Spline_Functions.pdf:application/pdf}
},

@article{visser_spectrum_2005,
	title = {Spectrum of an optical resonator with spherical aberration},
	volume = {22},
	url = {http://www.opticsinfobase.org/viewmedia.cfm?id=85918&seq=0},
	number = {11},
	urldate = {2013-11-05},
	journal = {{JOURNAL-OPTICAL} {SOCIETY} {OF} {AMERICA} A},
	author = {Visser, Jorrit and Nienhuis, Gerard},
	year = {2005},
	pages = {2490},
	file = {Spectrum_of_Resonator_with_Aberrations.pdf:C:\Users\Chris Mueller\AppData\Roaming\Zotero\Zotero\Profiles\sbk67lce.default\zotero\storage\VAFHXASN\Spectrum_of_Resonator_with_Aberrations.pdf:application/pdf}
},

@article{sampas_stabilization_1990,
	title = {Stabilization of laser beam alignment to an optical resonator by heterodyne detection of off-axis modes},
	volume = {29},
	url = {http://www.opticsinfobase.org/abstract.cfm?&id=37883},
	number = {3},
	urldate = {2013-01-31},
	journal = {Applied optics},
	author = {Sampas, N. M. and Anderson, D. Z.},
	year = {1990},
	pages = {394–403},
	file = {Anderson Paper.pdf:C:\Users\Chris Mueller\AppData\Roaming\Zotero\Zotero\Profiles\sbk67lce.default\zotero\storage\JTHMNT4S\Anderson Paper.pdf:application/pdf}
},

@article{buchler_supression_????,
	title = {Supression of Classic and Quantum Radiation Pressure Noise by Electro-Optic Feedback},
	author = {Buchler, Ben C.},
	file = {Buchler_Supression_of_Classic_and_Quantum_RPN.pdf:C:\Users\Chris Mueller\AppData\Roaming\Zotero\Zotero\Profiles\sbk67lce.default\zotero\storage\8DHRG6AW\Buchler_Supression_of_Classic_and_Quantum_RPN.pdf:application/pdf}
},

@article{gonzalez_suspensions_2000,
	title = {Suspensions thermal noise in the {LIGO} gravitational wave detector},
	volume = {17},
	url = {http://iopscience.iop.org/0264-9381/17/21/305},
	number = {21},
	urldate = {2013-01-31},
	journal = {Classical and Quantum Gravity},
	author = {González, G.},
	year = {2000},
	pages = {4409},
	file = {Gonzalez_Suspension_Thermal_Noise.pdf:C:\Users\Chris Mueller\AppData\Roaming\Zotero\Zotero\Profiles\sbk67lce.default\zotero\storage\S9C4I95I\Gonzalez_Suspension_Thermal_Noise.pdf:application/pdf}
},

@article{evans_swift_2012,
	title = {Swift Follow-up Observations of Candidate Gravitational-Wave Transient Events},
	volume = {203},
	issn = {0067-0049, 1538-4365},
	url = {http://stacks.iop.org/0067-0049/203/i=2/a=28?key=crossref.948837d1419a06cc020c4384967e09e3},
	doi = {10.1088/0067-0049/203/2/28},
	number = {2},
	urldate = {2014-03-07},
	journal = {The Astrophysical Journal Supplement Series},
	author = {Evans, P. A. and Fridriksson, J. K. and Gehrels, N. and Homan, J. and Osborne, J. P. and Siegel, M. and Beardmore, A. and Handbauer, P. and Gelbord, J. and Kennea, J. A. and Smith, M. and Zhu, Q. and {The {LIGO} Scientific Collaboration and Virgo Collaboration} and Aasi, J. and Abadie, J. and Abbott, B. P. and Abbott, R. and Abbott, T. D. and Abernathy, M. and Accadia, T. and Acernese, F. and Adams, C. and Adams, T. and Addesso, P. and Adhikari, R. and Affeldt, C. and Agathos, M. and Agatsuma, K. and Ajith, P. and Allen, B. and Allocca, A. and Amador Ceron, E. and Amariutei, D. and Anderson, S. B. and Anderson, W. G. and Arai, K. and Araya, M. C. and Ast, S. and Aston, S. M. and Astone, P. and Atkinson, D. and Aufmuth, P. and Aulbert, C. and Aylott, B. E. and Babak, S. and Baker, P. and Ballardin, G. and Ballmer, S. and Bao, Y. and Barayoga, J. C. B. and Barker, D. and Barone, F. and Barr, B. and Barsotti, L. and Barsuglia, M. and Barton, M. A. and Bartos, I. and Bassiri, R. and Bastarrika, M. and Basti, A. and Batch, J. and Bauchrowitz, J. and Bauer, Th. S. and Bebronne, M. and Beck, D. and Behnke, B. and Bejger, M. and Beker, M. G. and Bell, A. S. and Bell, C. and Belopolski, I. and Benacquista, M. and Berliner, J. M. and Bertolini, A. and Betzwieser, J. and Beveridge, N. and Beyersdorf, P. T. and Bhadbade, T. and Bilenko, I. A. and Billingsley, G. and Birch, J. and Biswas, R. and Bitossi, M. and Bizouard, M. A. and Black, E. and Blackburn, J. K. and Blackburn, L. and Blair, D. and Bland, B. and Blom, M. and Bock, O. and Bodiya, T. P. and Bogan, C. and Bond, C. and Bondarescu, R. and Bondu, F. and Bonelli, L. and Bonnand, R. and Bork, R. and Born, M. and Boschi, V. and Bose, S. and Bosi, L. and Bouhou, B. and Braccini, S. and Bradaschia, C. and Brady, P. R. and Braginsky, V. B. and Branchesi, M. and Brau, J. E. and Breyer, J. and Briant, T. and Bridges, D. O. and Brillet, A. and Brinkmann, M. and Brisson, V. and Britzger, M. and Brooks, A. F. and Brown, D. A. and Bulik, T. and Bulten, H. J. and Buonanno, A. and Burguet-Castell, J. and Buskulic, D. and Buy, C. and Byer, R. L. and Cadonati, L. and Cagnoli, G. and Calloni, E. and Camp, J. B. and Campsie, P. and Cannon, K. and Canuel, B. and Cao, J. and Capano, C. D. and Carbognani, F. and Carbone, L. and Caride, S. and Caudill, S. and Cavaglià, M. and Cavalier, F. and Cavalieri, R. and Cella, G. and Cepeda, C. and Cesarini, E. and Chalermsongsak, T. and Charlton, P. and Chassande-Mottin, E. and Chen, W. and Chen, X. and Chen, Y. and Chincarini, A. and Chiummo, A. and Cho, H. S. and Chow, J. and Christensen, N. and Chua, S. S. Y. and Chung, C. T. Y. and Chung, S. and Ciani, G. and Clara, F. and Clark, D. E. and Clark, J. A. and Clayton, J. H. and Cleva, F. and Coccia, E. and Cohadon, P.-F. and Colacino, C. N. and Colla, A. and Colombini, M. and Conte, A. and Conte, R. and Cook, D. and Corbitt, T. R. and Cordier, M. and Cornish, N. and Corsi, A. and Costa, C. A. and Coughlin, M. and Coulon, J.-P. and Couvares, P. and Coward, D. M. and Cowart, M. and Coyne, D. C. and Creighton, J. D. E. and Creighton, T. D. and Cruise, A. M. and Cumming, A. and Cunningham, L. and Cuoco, E. and Cutler, R. M. and Dahl, K. and Damjanic, M. and Danilishin, S. L. and {D'Antonio}, S. and Danzmann, K. and Dattilo, V. and Daudert, B. and Daveloza, H. and Davier, M. and Daw, E. J. and Day, R. and Dayanga, T. and De Rosa, R. and {DeBra}, D. and Debreczeni, G. and Degallaix, J. and Del Pozzo, W. and Dent, T. and Dergachev, V. and {DeRosa}, R. and Dhurandhar, S. and Di Fiore, L. and Di Lieto, A. and Di Palma, I. and Di Paolo Emilio, M. and Di Virgilio, A. and Díaz, M. and Dietz, A. and Donovan, F. and Dooley, K. L. and Doravari, S. and Dorsher, S. and Drago, M. and Drever, R. W. P. and Driggers, J. C. and Du, Z. and Dumas, J.-C. and Dwyer, S. and Eberle, T. and Edgar, M. and Edwards, M. and Effler, A. and Ehrens, P. and Eikenberry, S. and Endrőczi, G. and Engel, R. and Etzel, T. and Evans, K. and Evans, M. and Evans, T. and Factourovich, M. and Fafone, V. and Fairhurst, S. and Farr, B. F. and Favata, M. and Fazi, D. and Fehrmann, H. and Feldbaum, D. and Ferrante, I. and Ferrini, F. and Fidecaro, F. and Finn, L. S. and Fiori, I. and Fisher, R. P. and Flaminio, R. and Foley, S. and Forsi, E. and Forte, L. A. and Fotopoulos, N. and Fournier, J.-D. and Franc, J. and Franco, S. and Frasca, S. and Frasconi, F. and Frede, M. and Frei, M. A. and Frei, Z. and Freise, A. and Frey, R. and Fricke, T. T. and Friedrich, D. and Fritschel, P. and Frolov, V. V. and Fujimoto, M.-K. and Fulda, P. J. and Fyffe, M. and Gair, J. and Galimberti, M. and Gammaitoni, L. and Garcia, J. and Garufi, F. and Gáspár, M. E. and Gelencser, G. and Gemme, G. and Genin, E. and Gennai, A. and Gergely, L. á. and Ghosh, S. and Giaime, J. A. and Giampanis, S. and Giardina, K. D. and Giazotto, A. and Gil-Casanova, S. and Gill, C. and Gleason, J. and Goetz, E. and González, G. and Gorodetsky, M. L. and Goßler, S. and Gouaty, R. and Graef, C. and Graff, P. B. and Granata, M. and Grant, A. and Gray, C. and Greenhalgh, R. J. S. and Gretarsson, A. M. and Griffo, C. and Grote, H. and Grover, K. and Grunewald, S. and Guidi, G. M. and Guido, C. and Gupta, R. and Gustafson, E. K. and Gustafson, R. and Hallam, J. M. and Hammer, D. and Hammond, G. and Hanks, J. and Hanna, C. and Hanson, J. and Harms, J. and Harry, G. M. and Harry, I. W. and Harstad, E. D. and Hartman, M. T. and Haughian, K. and Hayama, K. and Hayau, J.-F. and Heefner, J. and Heidmann, A. and Heintze, M. C. and Heitmann, H. and Hello, P. and Hemming, G. and Hendry, M. A. and Heng, I. S. and Heptonstall, A. W. and Herrera, V. and Heurs, M. and Hewitson, M. and Hild, S. and Hoak, D. and Hodge, K. A. and Holt, K. and Holtrop, M. and Hong, T. and Hooper, S. and Hough, J. and Howell, E. J. and Hughey, B. and Husa, S. and Huttner, S. H. and Huynh-Dinh, T. and Ingram, D. R. and Inta, R. and Isogai, T. and Ivanov, A. and Izumi, K. and Jacobson, M. and James, E. and Jang, Y. J. and Jaranowski, P. and Jesse, E. and Johnson, W. W. and Jones, D. I. and Jones, R. and Jonker, R. J. G. and Ju, L. and Kalmus, P. and Kalogera, V. and Kandhasamy, S. and Kang, G. and Kanner, J. B. and Kasprzack, M. and Kasturi, R. and Katsavounidis, E. and Katzman, W. and Kaufer, H. and Kaufman, K. and Kawabe, K. and Kawamura, S. and Kawazoe, F. and Keitel, D. and Kelley, D. and Kells, W. and Keppel, D. G. and Keresztes, Z. and Khalaidovski, A. and Khalili, F. Y. and Khazanov, E. A. and Kim, B. K. and Kim, C. and Kim, H. and Kim, K. and Kim, N. and Kim, Y. M. and King, P. J. and Kinzel, D. L. and Kissel, J. S. and Klimenko, S. and Kline, J. and Kokeyama, K. and Kondrashov, V. and Koranda, S. and Korth, W. Z. and Kowalska, I. and Kozak, D. and Kringel, V. and Krishnan, B. and Królak, A. and Kuehn, G. and Kumar, P. and Kumar, R. and Kurdyumov, R. and Kwee, P. and Lam, P. K. and Landry, M. and Langley, A. and Lantz, B. and Lastzka, N. and Lawrie, C. and Lazzarini, A. and Le Roux, A. and Leaci, P. and Lee, C. H. and Lee, H. K. and Lee, H. M. and Leong, J. R. and Leonor, I. and Leroy, N. and Letendre, N. and Lhuillier, V. and Li, J. and Li, T. G. F. and Lindquist, P. E. and Litvine, V. and Liu, Y. and Liu, Z. and Lockerbie, N. A. and Lodhia, D. and Logue, J. and Lorenzini, M. and Loriette, V. and Lormand, M. and Losurdo, G. and Lough, J. and Lubinski, M. and Lück, H. and Lundgren, A. P. and Macarthur, J. and Macdonald, E. and Machenschalk, B. and {MacInnis}, M. and Macleod, D. M. and Mageswaran, M. and Mailand, K. and Majorana, E. and Maksimovic, I. and Malvezzi, V. and Man, N. and Mandel, I. and Mandic, V. and Mantovani, M. and Marchesoni, F. and Marion, F. and Márka, S. and Márka, Z. and Markosyan, A. and Maros, E. and Marque, J. and Martelli, F. and Martin, I. W. and Martin, R. M. and Marx, J. N. and Mason, K. and Masserot, A. and Matichard, F. and Matone, L. and Matzner, R. A. and Mavalvala, N. and Mazzolo, G. and {McCarthy}, R. and {McClelland}, D. E. and {McDaniel}, P. and {McGuire}, S. C. and {McIntyre}, G. and {McIver}, J. and Meadors, G. D. and Mehmet, M. and Meier, T. and Melatos, A. and Melissinos, A. C. and Mendell, G. and Menéndez, D. F. and Mercer, R. A. and Meshkov, S. and Messenger, C. and Meyer, M. S. and Miao, H. and Michel, C. and Milano, L. and Miller, J. and Minenkov, Y. and Mingarelli, C. M. F. and Mitrofanov, V. P. and Mitselmakher, G. and Mittleman, R. and Moe, B. and Mohan, M. and Mohapatra, S. R. P. and Moraru, D. and Moreno, G. and Morgado, N. and Morgia, A. and Mori, T. and Morriss, S. R. and Mosca, S. and Mossavi, K. and Mours, B. and Mow-Lowry, C. M. and Mueller, C. L. and Mueller, G. and Mukherjee, S. and Mullavey, A. and Müller-Ebhardt, H. and Munch, J. and Murphy, D. and Murray, P. G. and Mytidis, A. and Nash, T. and Naticchioni, L. and Necula, V. and Nelson, J. and Neri, I. and Newton, G. and Nguyen, T. and Nishizawa, A. and Nitz, A. and Nocera, F. and Nolting, D. and Normandin, M. E. and Nuttall, L. and Ochsner, E. and {O'Dell}, J. and Oelker, E. and Ogin, G. H. and Oh, J. J. and Oh, S. H. and Oldenberg, R. G. and {O'Reilly}, B. and {O'Shaughnessy}, R. and Osthelder, C. and Ott, C. D. and Ottaway, D. J. and Ottens, R. S. and Overmier, H. and Owen, B. J. and Page, A. and Palladino, L. and Palomba, C. and Pan, Y. and Pankow, C. and Paoletti, F. and Paoletti, R. and Papa, M. A. and Parisi, M. and Pasqualetti, A. and Passaquieti, R. and Passuello, D. and Pedraza, M. and Penn, S. and Perreca, A. and Persichetti, G. and Phelps, M. and Pichot, M. and Pickenpack, M. and Piergiovanni, F. and Pierro, V. and Pihlaja, M. and Pinard, L. and Pinto, I. M. and Pitkin, M. and Pletsch, H. J. and Plissi, M. V. and Poggiani, R. and Pöld, J. and Postiglione, F. and Poux, C. and Prato, M. and Predoi, V. and Prestegard, T. and Price, L. R. and Prijatelj, M. and Principe, M. and Privitera, S. and Prix, R. and Prodi, G. A. and Prokhorov, L. G. and Puncken, O. and Punturo, M. and Puppo, P. and Quetschke, V. and Quitzow-James, R. and Raab, F. J. and Rabeling, D. S. and Rácz, I. and Radkins, H. and Raffai, P. and Rakhmanov, M. and Ramet, C. and Rankins, B. and Rapagnani, P. and Raymond, V. and Re, V. and Reed, C. M. and Reed, T. and Regimbau, T. and Reid, S. and Reitze, D. H. and Ricci, F. and Riesen, R. and Riles, K. and Roberts, M. and Robertson, N. A. and Robinet, F. and Robinson, C. and Robinson, E. L. and Rocchi, A. and Roddy, S. and Rodriguez, C. and Rodruck, M. and Rolland, L. and Rollins, J. G. and Romano, J. D. and Romano, R. and Romie, J. H. and Rosińska, D. and Röver, C. and Rowan, S. and Rüdiger, A. and Ruggi, P. and Ryan, K. and Salemi, F. and Sammut, L. and Sandberg, V. and Sankar, S. and Sannibale, V. and Santamaría, L. and Santiago-Prieto, I. and Santostasi, G. and Saracco, E. and Sassolas, B. and Sathyaprakash, B. S. and Saulson, P. R. and Savage, R. L. and Schilling, R. and Schnabel, R. and Schofield, R. M. S. and Schulz, B. and Schutz, B. F. and Schwinberg, P. and Scott, J. and Scott, S. M. and Seifert, F. and Sellers, D. and Sentenac, D. and Sergeev, A. and Shaddock, D. A. and Shaltev, M. and Shapiro, B. and Shawhan, P. and Shoemaker, D. H. and Sidery, T. L and Siemens, X. and Sigg, D. and Simakov, D. and Singer, A. and Singer, L. and Sintes, A. M. and Skelton, G. R. and Slagmolen, B. J. J. and Slutsky, J. and Smith, J. R. and Smith, M. R. and Smith, R. J. E. and Smith-Lefebvre, N. D. and Somiya, K. and Sorazu, B. and Speirits, F. C. and Sperandio, L. and Stefszky, M. and Steinert, E. and Steinlechner, J. and Steinlechner, S. and Steplewski, S. and Stochino, A. and Stone, R. and Strain, K. A. and Strigin, S. E. and Stroeer, A. S. and Sturani, R. and Stuver, A. L. and Summerscales, T. Z. and Sung, M. and Susmithan, S. and Sutton, P. J. and Swinkels, B. and Szeifert, G. and Tacca, M. and Taffarello, L. and Talukder, D. and Tanner, D. B. and Tarabrin, S. P. and Taylor, R. and ter Braack, A. P. M. and Thomas, P. and Thorne, K. A. and Thorne, K. S. and Thrane, E. and Thüring, A. and Titsler, C. and Tokmakov, K. V. and Tomlinson, C. and Toncelli, A. and Tonelli, M. and Torre, O. and Torres, C. V. and Torrie, C. I. and Tournefier, E. and Travasso, F. and Traylor, G. and Tse, M. and Ugolini, D. and Vahlbruch, H. and Vajente, G. and van den Brand, J. F. J. and Van Den Broeck, C. and van der Putten, S. and van Veggel, A. A. and Vass, S. and Vasuth, M. and Vaulin, R. and Vavoulidis, M. and Vecchio, A. and Vedovato, G. and Veitch, J. and Veitch, P. J. and Venkateswara, K. and Verkindt, D. and Vetrano, F. and Viceré, A. and Villar, A. E. and Vinet, J.-Y. and Vitale, S. and Vocca, H. and Vorvick, C. and Vyatchanin, S. P. and Wade, A. and Wade, L. and Wade, M. and Waldman, S. J. and Wallace, L. and Wan, Y. and Wang, M. and Wang, X. and Wanner, A. and Ward, R. L. and Was, M. and Weinert, M. and Weinstein, A. J. and Weiss, R. and Welborn, T. and Wen, L. and Wessels, P. and West, M. and Westphal, T. and Wette, K. and Whelan, J. T. and Whitcomb, S. E. and White, D. J. and Whiting, B. F. and Wiesner, K. and Wilkinson, C. and Willems, P. A. and Williams, L. and Williams, R. and Willke, B. and Wimmer, M. and Winkelmann, L. and Winkler, W. and Wipf, C. C. and Wiseman, A. G. and Wittel, H. and Woan, G. and Wooley, R. and Worden, J. and Yablon, J. and Yakushin, I. and Yamamoto, H. and Yamamoto, K. and Yancey, C. C. and Yang, H. and Yeaton-Massey, D. and Yoshida, S. and Yvert, M. and Zadrożny, A. and Zanolin, M. and Zendri, J.-P. and Zhang, F. and Zhang, L. and Zhao, C. and Zotov, N. and Zucker, M. E. and Zweizig, J.},
	month = dec,
	year = {2012},
	pages = {28},
	file = {0067-0049_203_2_28.pdf:C:\Users\Chris Mueller\AppData\Roaming\Zotero\Zotero\Profiles\sbk67lce.default\zotero\storage\B2V7QNUG\0067-0049_203_2_28.pdf:application/pdf}
},

@article{stochino_technique_2012,
	title = {Technique for in situ measurement of free spectral range and transverse mode spacing of optical cavities},
	volume = {51},
	url = {http://www.opticsinfobase.org/abstract.cfm?URI=ao-51-27-6571},
	number = {27},
	urldate = {2013-11-04},
	journal = {Applied Optics},
	author = {Stochino, Alberto and Arai, Koji and Adhikari, Rana X.},
	year = {2012},
	pages = {6571–6577},
	file = {FSR_and_Transverse_Mode_Spacing_Measurement.pdf:C:\Users\Chris Mueller\AppData\Roaming\Zotero\Zotero\Profiles\sbk67lce.default\zotero\storage\TVSKR33R\FSR_and_Transverse_Mode_Spacing_Measurement.pdf:application/pdf}
},

@article{aasi_characterization_2012,
	title = {The characterization of Virgo data and its impact on gravitational-wave searches},
	volume = {29},
	issn = {0264-9381, 1361-6382},
	url = {http://stacks.iop.org/0264-9381/29/i=15/a=155002?key=crossref.d7ba146d60450ea122beba179f1836e5},
	doi = {10.1088/0264-9381/29/15/155002},
	number = {15},
	urldate = {2014-03-07},
	journal = {Classical and Quantum Gravity},
	author = {Aasi, J and Abadie, J and Abbott, B P and Abbott, R and Abbott, T D and Abernathy, M and Accadia, T and Acernese, F and Adams, C and Adams, T and Addesso, P and Adhikari, R and Affeldt, C and Agathos, M and Agatsuma, K and Ajith, P and Allen, B and Allocca, A and Ceron, E Amador and Amariutei, D and Anderson, S B and Anderson, W G and Arai, K and Araya, M C and Ast, S and Aston, S M and Astone, P and Atkinson, D and Aufmuth, P and Aulbert, C and Aylott, B E and Babak, S and Baker, P and Ballardin, G and Ballinger, T and Ballmer, S and Bao, Y and Barayoga, J C B and Barker, D and Barone, F and Barr, B and Barsotti, L and Barsuglia, M and Barton, M A and Bartos, I and Bassiri, R and Bastarrika, M and Basti, A and Batch, J and Bauchrowitz, J and Bauer, Th S and Bebronne, M and Beck, D and Behnke, B and Bejger, M and Beker, M G and Bell, A S and Bell, C and Belopolski, I and Benacquista, M and Berliner, J M and Bertolini, A and Betzwieser, J and Beveridge, N and Beyersdorf, P T and Bhadbade, T and Bilenko, I A and Billingsley, G and Birch, J and Biswas, R and Bitossi, M and Bizouard, M A and Black, E and Blackburn, J K and Blackburn, L and Blair, D and Bland, B and Blom, M and Bock, O and Bodiya, T P and Bogan, C and Bond, C and Bondarescu, R and Bondu, F and Bonelli, L and Bonnand, R and Bork, R and Born, M and Boschi, V and Bose, S and Bosi, L and Bouhou, B and Braccini, S and Bradaschia, C and Brady, P R and Braginsky, V B and Branchesi, M and Brau, J E and Breyer, J and Briant, T and Bridges, D O and Brillet, A and Brinkmann, M and Brisson, V and Britzger, M and Brooks, A F and Brown, D A and Bulik, T and Bulten, H J and Buonanno, A and {Burguet–Castell}, J and Buskulic, D and Buy, C and Byer, R L and Cadonati, L and Cagnoli, G and Calloni, E and Camp, J B and Campsie, P and Cannon, K and Canuel, B and Cao, J and Capano, C D and Carbognani, F and Carbone, L and Caride, S and Caudill, S and Cavaglià, M and Cavalier, F and Cavalieri, R and Cella, G and Cepeda, C and Cesarini, E and Chalermsongsak, T and Charlton, P and Chassande-Mottin, E and Chen, W and Chen, X and Chen, Y and Chincarini, A and Chiummo, A and Cho, H S and Chow, J and Christensen, N and Chua, S S Y and Chung, C T Y and Chung, S and Ciani, G and Clara, F and Clark, D E and Clark, J A and Clayton, J H and Cleva, F and Coccia, E and Cohadon, P-F and Colacino, C N and Colla, A and Colombini, M and Conte, A and Conte, R and Cook, D and Corbitt, T R and Cordier, M and Cornish, N and Corsi, A and Costa, C A and Coughlin, M and Coulon, J-P and Couvares, P and Coward, D M and Cowart, M and Coyne, D C and Creighton, J D E and Creighton, T D and Cruise, A M and Cumming, A and Cunningham, L and Cuoco, E and Cutler, R M and Dahl, K and Damjanic, M and Danilishin, S L and {D’Antonio}, S and Danzmann, K and Dattilo, V and Daudert, B and Daveloza, H and Davier, M and Daw, E J and Day, R and Dayanga, T and De Rosa, R and {DeBra}, D and Debreczeni, G and Degallaix, J and Pozzo, W Del and Dent, T and Dergachev, V and {DeRosa}, R and Dhurandhar, S and Fiore, L Di and Lieto, A Di and Palma, I Di and Emilio, M Di Paolo and Virgilio, A Di and Díaz, M and Dietz, A and Donovan, F and Dooley, K L and Doravari, S and Dorsher, S and Drago, M and Drever, R W P and Driggers, J C and Du, Z and Dumas, J-C and Dwyer, S and Eberle, T and Edgar, M and Edwards, M and Effler, A and Ehrens, P and Endrőczi, G and Engel, R and Etzel, T and Evans, K and Evans, M and Evans, T and Factourovich, M and Fafone, V and Fairhurst, S and Farr, B F and Favata, M and Fazi, D and Fehrmann, H and Feldbaum, D and Ferrante, I and Ferrini, F and Fidecaro, F and Finn, L S and Fiori, I and Fisher, R P and Flaminio, R and Foley, S and Forsi, E and Forte, L A and Fotopoulos, N and Fournier, J-D and Franc, J and Franco, S and Frasca, S and Frasconi, F and Frede, M and Frei, M A and Frei, Z and Freise, A and Frey, R and Fricke, T T and Friedrich, D and Fritschel, P and Frolov, V V and Fujimoto, M-K and Fulda, P J and Fyffe, M and Gair, J and Galimberti, M and Gammaitoni, L and Garcia, J and Garufi, F and Gáspár, M E and Gelencser, G and Gemme, G and Genin, E and Gennai, A and Gergely, L á and Ghosh, S and Giaime, J A and Giampanis, S and Giardina, K D and Giazotto, A and Gil-Casanova, S and Gill, C and Gleason, J and Goetz, E and González, G and Gorodetsky, M L and Goßler, S and Gouaty, R and Graef, C and Graff, P B and Granata, M and Grant, A and Gray, C and Greenhalgh, R J S and Gretarsson, A M and Griffo, C and Grote, H and Grover, K and Grunewald, S and Guidi, G M and Guido, C and Gupta, R and Gustafson, E K and Gustafson, R and Hallam, J M and Hammer, D and Hammond, G and Hanks, J and Hanna, C and Hanson, J and Hardt, A and Harms, J and Harry, G M and Harry, I W and Harstad, E D and Hartman, M T and Haughian, K and Hayama, K and Hayau, J-F and Heefner, J and Heidmann, A and Heintze, M C and Heitmann, H and Hello, P and Hemming, G and Hendry, M A and Heng, I S and Heptonstall, A W and Herrera, V and Heurs, M and Hewitson, M and Hild, S and Hoak, D and Hodge, K A and Holt, K and Holtrop, M and Hong, T and Hooper, S and Hough, J and Howell, E J and Hughey, B and Husa, S and Huttner, S H and Huynh-Dinh, T and Ingram, D R and Inta, R and Isogai, T and Ivanov, A and Izumi, K and Jacobson, M and James, E and Jang, Y J and Jaranowski, P and Jesse, E and Johnson, W W and Jones, D I and Jones, R and Jonker, R J G and Ju, L and Kalmus, P and Kalogera, V and Kandhasamy, S and Kang, G and Kanner, J B and Kasprzack, M and Kasturi, R and Katsavounidis, E and Katzman, W and Kaufer, H and Kaufman, K and Kawabe, K and Kawamura, S and Kawazoe, F and Keitel, D and Kelley, D and Kells, W and Keppel, D G and Keresztes, Z and Khalaidovski, A and Khalili, F Y and Khazanov, E A and Kim, B K and Kim, C and Kim, H and Kim, K and Kim, N and Kim, Y M and King, P J and Kinzel, D L and Kissel, J S and Klimenko, S and Kline, J and Kokeyama, K and Kondrashov, V and Koranda, S and Korth, W Z and Kowalska, I and Kozak, D and Kringel, V and Krishnan, B and Królak, A and Kuehn, G and Kumar, P and Kumar, R and Kurdyumov, R and Kwee, P and Lam, P K and Landry, M and Langley, A and Lantz, B and Lastzka, N and Lawrie, C and Lazzarini, A and Le Roux, A and Leaci, P and Lee, C H and Lee, H K and Lee, H M and Leong, J R and Leonor, I and Leroy, N and Letendre, N and Lhuillier, V and Li, J and Li, T G F and Lindquist, P E and Litvine, V and Liu, Y and Liu, Z and Lockerbie, N A and Lodhia, D and Logue, J and Lorenzini, M and Loriette, V and Lormand, M and Losurdo, G and Lough, J and Lubinski, M and Lück, H and Lundgren, A P and Macarthur, J and Macdonald, E and Machenschalk, B and {MacInnis}, M and Macleod, D M and Mageswaran, M and Mailand, K and Majorana, E and Maksimovic, I and Malvezzi, V and Man, N and Mandel, I and Mandic, V and Mantovani, M and Marchesoni, F and Marion, F and Márka, S and Márka, Z and Markosyan, A and Maros, E and Marque, J and Martelli, F and Martin, I W and Martin, R M and Marx, J N and Mason, K and Masserot, A and Matichard, F and Matone, L and Matzner, R A and Mavalvala, N and Mazzolo, G and {McCarthy}, R and {McClelland}, D E and {McGuire}, S C and {McIntyre}, G and {McIver}, J and Meadors, G D and Mehmet, M and Meier, T and Melatos, A and Melissinos, A C and Mendell, G and Menéndez, D F and Mercer, R A and Meshkov, S and Messenger, C and Meyer, M S and Miao, H and Michel, C and Milano, L and Miller, J and Minenkov, Y and Mingarelli, C M F and Mitrofanov, V P and Mitselmakher, G and Mittleman, R and Moe, B and Mohan, M and Mohapatra, S R P and Moraru, D and Moreno, G and Morgado, N and Morgia, A and Mori, T and Morriss, S R and Mosca, S and Mossavi, K and Mours, B and {Mow–Lowry}, C M and Mueller, C L and Mueller, G and Mukherjee, S and Mullavey, A and Müller-Ebhardt, H and Munch, J and Murphy, D and Murray, P G and Mytidis, A and Nash, T and Naticchioni, L and Necula, V and Nelson, J and Neri, I and Newton, G and Nguyen, T and Nishizawa, A and Nitz, A and Nocera, F and Nolting, D and Normandin, M E and Nuttall, L and Ochsner, E and {O’Dell}, J and Oelker, E and Ogin, G H and Oh, J J and Oh, S H and Oldenberg, R G and {O’Reilly}, B and {O’Shaughnessy}, R and Osthelder, C and Ott, C D and Ottaway, D J and Ottens, R S and Overmier, H and Owen, B J and Page, A and Palladino, L and Palomba, C and Pan, Y and Pankow, C and Paoletti, F and Paoletti, R and Papa, M A and Parisi, M and Pasqualetti, A and Passaquieti, R and Passuello, D and Pedraza, M and Penn, S and Perreca, A and Persichetti, G and Phelps, M and Pichot, M and Pickenpack, M and Piergiovanni, F and Pierro, V and Pihlaja, M and Pinard, L and Pinto, I M and Pitkin, M and Pletsch, H J and Plissi, M V and Poggiani, R and Pöld, J and Postiglione, F and Poux, C and Prato, M and Predoi, V and Prestegard, T and Price, L R and Prijatelj, M and Principe, M and Privitera, S and Prix, R and Prodi, G A and Prokhorov, L G and Puncken, O and Punturo, M and Puppo, P and Quetschke, V and Quitzow-James, R and Raab, F J and Rabeling, D S and Rácz, I and Radkins, H and Raffai, P and Rakhmanov, M and Ramet, C and Rankins, B and Rapagnani, P and Raymond, V and Re, V and Reed, C M and Reed, T and Regimbau, T and Reid, S and Reitze, D H and Ricci, F and Riesen, R and Riles, K and Roberts, M and Robertson, N A and Robinet, F and Robinson, C and Robinson, E L and Rocchi, A and Roddy, S and Rodriguez, C and Rodruck, M and Rolland, L and Rollins, J G and Romano, J D and Romano, R and Romie, J H and Rosińska, D and Röver, C and Rowan, S and Rüdiger, A and Ruggi, P and Ryan, K and Salemi, F and Sammut, L and Sandberg, V and Sankar, S and Sannibale, V and Santamaría, L and Santiago-Prieto, I and Santostasi, G and Saracco, E and Sassolas, B and Sathyaprakash, B S and Saulson, P R and Savage, R L and Schilling, R and Schnabel, R and Schofield, R M S and Schulz, B and Schutz, B F and Schwinberg, P and Scott, J and Scott, S M and Seifert, F and Sellers, D and Sentenac, D and Sergeev, A and Shaddock, D A and Shaltev, M and Shapiro, B and Shawhan, P and Shoemaker, D H and Sidery, T L and Siemens, X and Sigg, D and Simakov, D and Singer, A and Singer, L and Sintes, A M and Skelton, G R and Slagmolen, B J J and Slutsky, J and Smith, J R and Smith, M R and Smith, R J E and Smith-Lefebvre, N D and Somiya, K and Sorazu, B and Speirits, F C and Sperandio, L and Stefszky, M and Steinert, E and Steinlechner, J and Steinlechner, S and Steplewski, S and Stochino, A and Stone, R and Strain, K A and Strigin, S E and Stroeer, A S and Sturani, R and Stuver, A L and Summerscales, T Z and Sung, M and Susmithan, S and Sutton, P J and Swinkels, B and Szeifert, G and Tacca, M and Taffarello, L and Talukder, D and Tanner, D B and Tarabrin, S P and Taylor, R and Braack, A P M ter and Thomas, P and Thorne, K A and Thorne, K S and Thrane, E and Thüring, A and Titsler, C and Tokmakov, K V and Tomlinson, C and Toncelli, A and Tonelli, M and Torre, O and Torres, C V and Torrie, C I and Tournefier, E and Travasso, F and Traylor, G and Tse, M and Tucker, E and Ugolini, D and Vahlbruch, H and Vajente, G and van den Brand, J F J and Van Den Broeck, C and van der Putten, S and van Veggel, A A and Vass, S and Vasuth, M and Vaulin, R and Vavoulidis, M and Vecchio, A and Vedovato, G and Veitch, J and Veitch, P J and Venkateswara, K and Verkindt, D and Vetrano, F and Viceré, A and Villar, A E and Vinet, J-Y and Vitale, S and Vocca, H and Vorvick, C and Vyatchanin, S P and Wade, A and Wade, L and Wade, M and Waldman, S J and Wallace, L and Wan, Y and Wang, M and Wang, X and Wanner, A and Ward, R L and Was, M and Weinert, M and Weinstein, A J and Weiss, R and Welborn, T and Wen, L and Wessels, P and West, M and Westphal, T and Wette, K and Whelan, J T and Whitcomb, S E and White, D J and Whiting, B F and Wiesner, K and Wilkinson, C and Willems, P A and Williams, L and Williams, R and Willke, B and Wimmer, M and Winkelmann, L and Winkler, W and Wipf, C C and Wiseman, A G and Wittel, H and Woan, G and Wooley, R and Worden, J and Yablon, J and Yakushin, I and Yamamoto, H and Yamamoto, K and Yancey, C C and Yang, H and Yeaton-Massey, D and Yoshida, S and Yvert, M and Zadrożny, A and Zanolin, M and Zendri, J-P and Zhang, F and Zhang, L and Zhao, C and Zotov, N and Zucker, M E and Zweizig, J},
	month = aug,
	year = {2012},
	pages = {155002},
	file = {0264-9381_29_15_155002.pdf:C:\Users\Chris Mueller\AppData\Roaming\Zotero\Zotero\Profiles\sbk67lce.default\zotero\storage\BEGXSGAB\0264-9381_29_15_155002.pdf:application/pdf}
},

@article{baues_connection_1969,
	title = {The connection of geometrical optics with the propagation of Gaussian beams and the theory of optical resonators},
	volume = {1},
	url = {http://link.springer.com/article/10.1007/BF01418102},
	number = {2},
	urldate = {2014-02-20},
	journal = {Opto-electronics},
	author = {Baues, P.},
	year = {1969},
	pages = {103–118},
	file = {Connection_of_Geometrical_Optics_wPropogation_of_Gaussian_Beams.pdf:C:\Users\Chris Mueller\AppData\Roaming\Zotero\Zotero\Profiles\sbk67lce.default\zotero\storage\F7N2GZKE\Connection_of_Geometrical_Optics_wPropogation_of_Gaussian_Beams.pdf:application/pdf}
},

@article{trappe_gaussian_2003,
	title = {The Gaussian beam mode analysis of classical phase aberrations in diffraction-limited optical systems},
	volume = {24},
	url = {http://iopscience.iop.org/0143-0807/24/4/358},
	number = {4},
	urldate = {2013-01-31},
	journal = {European journal of physics},
	author = {Trappe, N. and Murphy, J. A. and Withington, S.},
	year = {2003},
	pages = {403},
	file = {Trappe-Gaussian_Beam_Mode_Analysis.pdf:C:\Users\Chris Mueller\AppData\Roaming\Zotero\Zotero\Profiles\sbk67lce.default\zotero\storage\83R2XK9Z\Trappe-Gaussian_Beam_Mode_Analysis.pdf:application/pdf}
},

@misc{gursel_response_????,
	title = {The Response of a Free Mass Gravitational Antenna},
	author = {Gursel, Y and Linsay, P and Saulson, P. R. and Spero, R and Weiss, R. and Whitcomb, S.},
	file = {Gursel-Response_Free_Mass_Grav_Antenna.pdf:C:\Users\Chris Mueller\AppData\Roaming\Zotero\Zotero\Profiles\sbk67lce.default\zotero\storage\WKX3PWJV\Gursel-Response_Free_Mass_Grav_Antenna.pdf:application/pdf}
},

@article{wiseman_ultimate_1999,
	title = {The Ultimate Quantum Limit to the Linewidth of Lasers},
	volume = {60},
	shorttitle = {Light amplification without stimulated emission},
	url = {http://pra.aps.org/abstract/PRA/v60/i5/p4083_1},
	abstract = {The standard  quantum limit  to  the linewidth  of  a  laser  for  which  the gain  medium can  be
adiabatically eliminated is ℓ 0 = κ/2¯n. Here κ is the intensity damping rate and ¯n the mean photon
number. This contains equal contributions from the loss and gain processes, so that simple arguments
which attribute the linewidth wholly to phase noise from spontaneous gain are wrong.  I show that
an unstimulated gain process actually introduces no phase noise, so that the ultimate quantum limit
to the laser linewidth comes from the loss alone and is equal to ℓ ult = κ/4¯n. I investigate a number
of physical gain mechanisms which attempt to achieve gain without phase noise: a linear atom-ﬁeld
coupling with ﬁnite interaction time; a nonlinear atom-ﬁeld coupling; and adiabatic photon transfer
using a counterintuitive pulse sequence. The ﬁrst at best reaches the standard limit ℓ 0 , the second
reaches 3
4 ℓ 0 , while the third reaches the ultimate limit of ℓ ult = 1
2 ℓ 0 .},
	number = {5},
	urldate = {2013-03-06},
	journal = {Physical Review A},
	author = {Wiseman, H. M.},
	year = {1999},
	pages = {4083},
	file = {Wiseman_Quantum_Limit_of_Laser_Linewidth.pdf:C:\Users\Chris Mueller\AppData\Roaming\Zotero\Zotero\Profiles\sbk67lce.default\zotero\storage\MN9VZNH2\Wiseman_Quantum_Limit_of_Laser_Linewidth.pdf:application/pdf}
},

@article{nyquist_thermal_1928,
	title = {Thermal agitation of electric charge in conductors},
	volume = {32},
	url = {http://www.cs.cmu.edu/afs/cs/Web/People/sensing-sensors/readings/available_only_to_currently_registered_students/nyquist-p110_1.pdf},
	number = {1},
	urldate = {2013-04-10},
	journal = {Physical review},
	author = {Nyquist, Harry},
	year = {1928},
	pages = {110–113},
	file = {Nyquist_Noise.pdf:C:\Users\Chris Mueller\AppData\Roaming\Zotero\Zotero\Profiles\sbk67lce.default\zotero\storage\BESQNRSH\Nyquist_Noise.pdf:application/pdf}
},

@article{johnson_thermal_1928,
	title = {Thermal agitation of electricity in conductors},
	volume = {32},
	url = {http://prola.aps.org/abstract/PR/v32/i1/p97_1},
	number = {1},
	urldate = {2013-04-10},
	journal = {Physical Review},
	author = {Johnson, John Bertrand},
	year = {1928},
	pages = {97},
	file = {Johnson_Noise.pdf:C:\Users\Chris Mueller\AppData\Roaming\Zotero\Zotero\Profiles\sbk67lce.default\zotero\storage\WI2UVKXC\Johnson_Noise.pdf:application/pdf}
},

@article{brooks_thermal_1995,
	title = {Thermal Compensation System ({TCS)} Hartmann Wavefront Sensor ({HWS)} Final Design Document},
	url = {http://www.ligo.caltech.edu/docs/E/E950018-02.pdf},
	urldate = {2013-01-31},
	journal = {internal {LIGO} document E950018-02-E},
	author = {Brooks, Aidan and Cole, Ayodele},
	year = {1995},
	file = {T1100517-v6 - HWS FDD.pdf:C:\Users\Chris Mueller\AppData\Roaming\Zotero\Zotero\Profiles\sbk67lce.default\zotero\storage\A8JJZQDI\T1100517-v6 - HWS FDD.pdf:application/pdf}
},

@article{brooks_thermal_1995-1,
	title = {Thermal Compensation System ({TCS):} {CO2} Laser Projection System ({CO2P):} Final Design Document},
	url = {http://www.ligo.caltech.edu/docs/E/E950018-02.pdf},
	urldate = {2013-01-31},
	journal = {internal {LIGO} document E950018-02-E},
	author = {Brooks, Aidan and Cole, Ayodele and Heptonstall, Alastair and Jacobson, Mindy},
	year = {1995},
	file = {CO2P_FDR.pdf:C:\Users\Chris Mueller\AppData\Roaming\Zotero\Zotero\Profiles\sbk67lce.default\zotero\storage\GB5UHAC7\CO2P_FDR.pdf:application/pdf}
},

@article{wittel_thermal_????,
	title = {Thermal Correction of Astigmatism in the Gravitational Wave Observatory {GEO} 600},
	author = {Wittel, H},
	file = {Thermal_Correction_GEO600.pdf:C:\Users\Chris Mueller\AppData\Roaming\Zotero\Zotero\Profiles\sbk67lce.default\zotero\storage\GGI2VXEV\Thermal_Correction_GEO600.pdf:application/pdf}
},

@phdthesis{risk_thermal_2009,
	title = {Thermal Loading and Modal Frequency Degeneracy in Optical Resonators for the Laser Interferometer Gravitational-Wave Observatory},
	school = {Stanford University},
	author = {Risk, Amber},
	month = jan,
	year = {2009},
	file = {Amber_Bullington.pdf:C:\Users\Chris Mueller\AppData\Roaming\Zotero\Zotero\Profiles\sbk67lce.default\zotero\storage\UF82H3CQ\Amber_Bullington.pdf:application/pdf}
},

@article{mours_thermal_2006,
	title = {Thermal noise reduction in interferometric gravitational wave antennas: using high order {TEM} modes},
	volume = {23},
	issn = {0264-9381, 1361-6382},
	shorttitle = {Thermal noise reduction in interferometric gravitational wave antennas},
	url = {http://stacks.iop.org/0264-9381/23/i=20/a=001?key=crossref.f1593da3513a46ea8a0dbbcedab1a329},
	doi = {10.1088/0264-9381/23/20/001},
	number = {20},
	urldate = {2013-11-19},
	journal = {Classical and Quantum Gravity},
	author = {Mours, Benoît and Tournefier, Edwige and Vinet, Jean-Yves},
	month = oct,
	year = {2006},
	pages = {5777--5784},
	file = {Thermal_Noise_Reduction_Higher_Order_Modes.pdf:C:\Users\Chris Mueller\AppData\Roaming\Zotero\Zotero\Profiles\sbk67lce.default\zotero\storage\CIUG79J2\Thermal_Noise_Reduction_Higher_Order_Modes.pdf:application/pdf}
},

@article{gillespie_thermally_1995,
	title = {Thermally excited vibrations of the mirrors of laser interferometer gravitational-wave detectors},
	volume = {52},
	url = {http://prd.aps.org/abstract/PRD/v52/i2/p577_1},
	abstract = {The {efFect} of thermally excited mirror vibrations on length measurements using a laser interferometer gravitational-wave detector is calculated, and the number of vibrational modes which must
be included to predict the Brownian motion of the mirror surface relative to its center of mass is
estimated. These calculations account for both the full three-dimensional shape of the vibrational
modes of the mirrors and the spatial shape of the optical modes of the interferometer. A convergence
pattern for the number of modes which must be included in a complete thermal noise estimate is
found; all vibrational modes with acoustic wavelengths greater than the laser beam spot size must
be considered. When the full geometries of the mirror and the optical mode are taken into account,
the thermal noise power in the gravitational-wave frequency bandwidth for mirror and laser parameters relevant to the {LIGO} (Laser Interferometer Gravitational-Wave Observatory) interferometer
is approximately a factor of 6 larger than the noise obtained in earlier estimates which typically
considered only the lowest few modes. If mirror vibrational thermal noise was the limiting noise
source for the detection of some astrophysical sources, then this difference in noise power would
result in a factor of 15 {difFerence} in estimated detection rates for these sources},
	number = {2},
	urldate = {2013-02-15},
	journal = {Physical Review D},
	author = {Gillespie, Aaron and Raab, Fred},
	year = {1995},
	pages = {577},
	file = {Gillespie_Thermal_Vibrations_in_Mirrors.pdf:C:\Users\Chris Mueller\AppData\Roaming\Zotero\Zotero\Profiles\sbk67lce.default\zotero\storage\WR96FSZW\Gillespie_Thermal_Vibrations_in_Mirrors.pdf:application/pdf}
},

@article{vicsek_time-domain_1986,
	title = {Time-domain filtering of two-dimensional fluorescence data},
	volume = {40},
	url = {http://www.opticsinfobase.org/abstract.cfm?id=126098},
	number = {4},
	urldate = {2014-01-08},
	journal = {Applied spectroscopy},
	author = {Vicsek, Maria and Neal, Sharon L. and Warner, Isiah M.},
	year = {1986},
	pages = {542–548},
	file = {Time_Domain_Filtering_2D_Flourescence_Data.pdf:C:\Users\Chris Mueller\AppData\Roaming\Zotero\Zotero\Profiles\sbk67lce.default\zotero\storage\TN9XJ6RX\Time_Domain_Filtering_2D_Flourescence_Data.pdf:application/pdf}
},

@misc{rakhmanov_transfer_2000,
	title = {Transfer functions for fields in a 3-mirror nested cavity},
	url = {http://authors.library.caltech.edu/28470/},
	urldate = {2013-04-09},
	author = {Rakhmanov, Malik},
	year = {2000},
	file = {Nested_Cav_TFs_Malik.pdf:C:\Users\Chris Mueller\AppData\Roaming\Zotero\Zotero\Profiles\sbk67lce.default\zotero\storage\QCWA5BP6\Nested_Cav_TFs_Malik.pdf:application/pdf}
},

@article{klaassen_transverse_2005,
	title = {Transverse mode coupling in an optical resonator},
	volume = {30},
	url = {http://www.opticsinfobase.org/abstract.cfm?id=84768},
	number = {15},
	urldate = {2013-11-20},
	journal = {Optics letters},
	author = {Klaassen, Thijs and de Jong, Johan and van Exter, Martin and Woerdman, J. P.},
	year = {2005},
	pages = {1959–1961},
	file = {Transverse_Mode_Coupling_Optical_Resonator.pdf:C:\Users\Chris Mueller\AppData\Roaming\Zotero\Zotero\Profiles\sbk67lce.default\zotero\storage\9W7R436M\Transverse_Mode_Coupling_Optical_Resonator.pdf:application/pdf}
},

@article{siegman_unstable_1970,
	title = {Unstable optical resonator loss calculations using the Prony method},
	volume = {9},
	url = {http://www.opticsinfobase.org/abstract.cfm?id=16701},
	number = {12},
	urldate = {2013-11-04},
	journal = {Applied optics},
	author = {Siegman, A. E. and Miller, H. Y.},
	year = {1970},
	pages = {2729–2736},
	file = {Unstable_Resonator_Loss_Calculatins.pdf:C:\Users\Chris Mueller\AppData\Roaming\Zotero\Zotero\Profiles\sbk67lce.default\zotero\storage\FSNWB5G8\Unstable_Resonator_Loss_Calculatins.pdf:application/pdf}
},

@misc{mueller_upgrading_????,
	title = {Upgrading the Input Optics for High Power Operation},
	author = {Mueller, Guido},
	note = {T060267},
	file = {T060267-00-Upgrading_IO_for_High_Power.pdf:C:\Users\Chris Mueller\AppData\Roaming\Zotero\Zotero\Profiles\sbk67lce.default\zotero\storage\S4INITC5\T060267-00-Upgrading_IO_for_High_Power.pdf:application/pdf}
},

@article{abadie_upper_2012,
	title = {Upper limits on a stochastic gravitational-wave background using {LIGO} and Virgo interferometers at 600–1000 Hz},
	volume = {85},
	url = {http://prd.aps.org/abstract/PRD/v85/i12/e122001},
	number = {12},
	urldate = {2014-03-07},
	journal = {Physical Review D},
	author = {Abadie, J. and Abbott, B. P. and Abbott, R. and Abbott, T. D. and Abernathy, M. and Accadia, T. and Acernese, F. and Adams, C. and Adhikari, R. and Affeldt, C. and Mueller, C. L.},
	year = {2012},
	pages = {122001},
	file = {PhysRevD.85.122001.pdf:C:\Users\Chris Mueller\AppData\Roaming\Zotero\Zotero\Profiles\sbk67lce.default\zotero\storage\3R7RHFB3\PhysRevD.85.122001.pdf:application/pdf}
},

@misc{schwertz_useful_2010,
	title = {Useful Estimations and Rules of Thumb for Optomechanics},
	url = {ftp://ftp.iaa.csic.es/pub/miguelan/Apuntes/RulesOfThumbOptomechanics.pdf},
	urldate = {2013-02-01},
	author = {Schwertz, K.},
	year = {2010},
	file = {RulesOfThumbOptomechanics.pdf:C:\Users\Chris Mueller\AppData\Roaming\Zotero\Zotero\Profiles\sbk67lce.default\zotero\storage\UCDVAFN2\RulesOfThumbOptomechanics.pdf:application/pdf}
},

@article{bhattacharya_using_2007,
	title = {Using a Laguerre-Gaussian Beam to Trap and Cool the Rotational Motion of a Mirror},
	volume = {99},
	issn = {0031-9007, 1079-7114},
	url = {http://link.aps.org/doi/10.1103/PhysRevLett.99.153603},
	doi = {10.1103/PhysRevLett.99.153603},
	number = {15},
	urldate = {2013-11-19},
	journal = {Physical Review Letters},
	author = {Bhattacharya, M. and Meystre, P.},
	month = oct,
	year = {2007},
	file = {Laguerre_Gaussian_Cooling_of_Rotational_Motion.pdf:C:\Users\Chris Mueller\AppData\Roaming\Zotero\Zotero\Profiles\sbk67lce.default\zotero\storage\J2XHUPJ3\Laguerre_Gaussian_Cooling_of_Rotational_Motion.pdf:application/pdf}
},

@book{virgo_collaboration_virgo_????,
	title = {Virgo Optics Textbook},
	author = {Virgo Collaboration},
	file = {Virgo_Optics.pdf:C:\Users\Chris Mueller\AppData\Roaming\Zotero\Zotero\Profiles\sbk67lce.default\zotero\storage\EBK36UT3\Virgo_Optics.pdf:application/pdf}
},

@misc{center_for_history_and_new_media_zotero_????,
	title = {Zotero Quick Start Guide},
	url = {http://zotero.org/support/quick_start_guide},
	author = {{Center for History and New Media}}
}